3202 5168
699 308 746 386 81

160 490 306 570 Rejectis
322 488 428 554 tribus
445 487 615 574 postremis
640 488 825 562 rasoribus,
854 509 872 553 a
899 493 1015 555 ceteris
1033 493 1119 558 ultra
1142 496 1284 560 modum
1302 498 1366 563 dis·

76 600 310 683 crepantibus,
330 599 393 657 erit
412 596 572 679 aberratio
595 592 758 669 absoluta,
781 617 923 681 quaeest
948 596 1231 666 observationibus
1254 606 1366 668 Boau-

74 724 221 770 neraurs
243 702 373 787 prodit,
396 699 527 786 sumpto
545 699 656 763 medio
672 703 881 764 arithmetico
897 715 939 764 .“..“
955 703 1097 781 anfora.
1139 706 1189 771 ct.
1207 710 1366 774 BRAD.

77 809 212 879 LEJV
211 811 235 873 8
256 809 291 869 in
317 809 545 895 disquisitione
566 805 640 878 sua,
662 807 699 867 in
721 808 894 869 Transeat.
918 801 1038 901 philos.
1061 811 1183 893 anglie.
1211 834 1282 901 pag,
1305 819 1363 895 655

77 916 195 986 relata,
217 913 380 989 affirmat,
410 912 441 977 se
459 913 646 998 complures
666 911 804 973 aliarum
824 910 987 975 stellarum
1010 914 1253 983 observationes
1275 941 1367 984 com·

78 1022 216 1107 parasse;
238 1039 353 1084 omnes
374 1039 452 1082 vero
471 1021 507 1082 iu
522 1037 561 1081 eo
577 1015 787 1100 conspirasse,
824 1017 970 1082 valorem
991 1022 1174 1085 maximum
1199 1026 1285 1089 intra
1306 1028 1363 1105 40‘

76 1142 112 1192 ct
130 1129 186 1207 μ’
220 1126 343 1210 semper
366 1126 561 1200 convenire;
597 1123 688 1186 unde
709 1121 854 1186 eundem
878 1128 991 1205 4o,'5,
1020 1125 1171 1221 adeoque
1194 1130 1366 1194 aberratio.

76 1255 157 1298 nem
179 1232 360 1296 absolutam
382 1236 489 1308 20,'25
514 1228 634 1291 statuit.

160 1342 315 1404 Seculum
331 1338 390 1409 cll,
413 1335 505 1422 quod
515 1335 613 1418 primi
628 1335 761 1397 comitia
775 1335 864 1398 Iovis
879 1338 1011 1422 eclipses
1033 1337 1083 1402 ct.
1106 1320 1367 1408 nomano

77 1448 215 1509 luminis
230 1445 502 1529 propagationem
521 1454 554 1502 et
567 1440 777 1502 velocitatem
793 1440 969 1526 detegendi
991 1442 1101 1506 ansam
1124 1450 1365 1530 praebuerunt3

77 1559 173 1632 cujus
193 1568 270 1614 vero
289 1550 510 1636 quantitatem
524 1546 575 1609 ct.
598 1546 895 1611 BRADLEJVS
916 1546 1200 1616 observationibus
1224 1551 1290 1616 suis
1315 1574 1367 1618 ex·

78 1657 304 1744 quisrtioribua
333 1655 516 1717 accuratius
545 1650 747 1714 stabiliverat.
812 1652 876 1713 Sed
904 1652 1012 1716 visum
1047 1655 1090 1718 esl
1118 1657 1169 1721 Cl.
1190 1659 1267 1723 DE
1301 1661 1367 1724 LA

77 1764 255 1833 PLACE,
272 1764 307 1823 in
321 1760 400 1821 slatu
408 1757 586 1844 praesenti,
599 1758 635 1817 in
651 1777 752 1841 quern
762 1757 887 1819 theoria
895 1761 995 1841 primi
1005 1758 1148 1825 satellitis
1163 1765 1254 1827 lovis
1274 1785 1367 1831 nunc

77 1870 207 1933 dierum
221 1868 350 1929 redacta
366 1863 427 1936 est,
450 1879 483 1926 et
502 1862 642 1947 spectato
662 1880 798 1924 numero
817 1861 887 1924 satis
904 1885 1025 1949 magno
1044 1869 1160 1930 harum
1178 1871 1365 1954 ecliplium,

76 1978 162 2039 ultra
180 1972 406 2037 semiseculum
418 1992 477 2056 per
498 1970 595 2031 tubos
616 1968 853 2030 achromaticos
871 1969 1131 2046 observatarum,
1161 1974 1250 2039 idem
1270 1979 1367 2062 phae-

76 2100 250 2145 nomenon
276 2080 318 2141 ad
338 2075 622 2140 determinandam
646 2075 901 2146 aberrationem,
929 2090 962 2138 et
985 2081 1102 2156 majori
1124 2080 1262 2164 quidem
1287 2101 1367 2146 cum

77 2192 308 2256 accuratione,
330 2202 429 2267 quam
442 2200 501 2263 per
515 2177 778 2240 observationem
799 2178 957 2241 directam
974 2181 1128 2245 inservire
1148 2184 1247 2267 posse.

159 2291 209 2353 dd
236 2288 355 2350 summi
377 2288 477 2362 hujus
501 2295 686 2367 geometrae
708 2295 831 2344 nutum
853 2281 901 2348 ct.
930 2284 1217 2352 DELAMBRE
1254 2309 1293 2353 ex
1315 2292 1366 2354 in.

76 2399 228 2464 numeris
249 2397 350 2473 hujus
374 2389 518 2452 satellitis
536 2387 690 2472 deliquiis
722 2389 941 2472 quantitatem
964 2395 1051 2454 hanc
1072 2391 1253 2458 absolutam
1266 2397 1368 2474 ,aber-

77 2506 217 2571 rationis
243 2501 372 2562 invenit
402 2511 444 2558 ..-.
467 2517 522 2566 20,
536 2498 587 2568 'tr
594 2514 608 2570 5
623 2497 684 2571 ²³),
708 2512 887 2578 quaecum
906 2496 1016 2561 valore
1036 2500 1268 2567 Bnauuurarto
1287 2522 1368 2567 con·

79 2615 168 2700 gruit
184 2609 224 2673 ad
240 2625 407 2692 unguem,
429 2616 467 2664 ut
481 2614 555 2664 tuto
574 2601 609 2660 in
627 2598 791 2683 posterum
806 2602 965 2665 aberratio
979 2603 1060 2668 haec
1076 2607 1218 2671 maxima
1235 2614 1365 2688 20,‘255

77 2721 173 2784 slatui
197 2731 229 2777 et
252 2712 399 2775 adhiberi
426 2707 541 2792 possit;
583 2719 782 2793 quapropter
804 2719 836 2769 et
858 2708 986 2771 tabulae
1002 2708 1127 2774 nostrae
1143 2711 1365 2785 universales,

76 2814 257 2891 ad'calcem
272 2821 372 2895 hujus
387 2817 495 2899 operis
516 2835 589 2899 pag.
607 2834 661 2890 50¹
686 2815 822 2884 relatae,
851 2832 911 2896 pro
929 2818 1114 2898 quantitate
1138 2819 1200 2879 bac
1221 2817 1367 2881 consitu-

77 2947 150 2997 ctae
167 2927 251 2990 sunt.
294 2925 338 2984 Ut
363 2921 501 3005 prodeat
521 2934 648 2990 autem,
671 2930 835 3002 quantum
853 2917 1084 2981 determinatio
1104 2922 1185 2986 haec
1207 2941 1285 2984 cum
1309 2921 1367 2986 ob-

79 3030 319 3102 servationibus
345 3025 554 3107 autographis
577 3022 627 3085 cl.
649 3022 906 3084 BHADLEJI
922 3023 1125 3100 consentiat,
1155 3027 1285 3090 easdem
1307 3047 1368 3112 per

79 3144 206 3210 tabulas
228 3141 286 3201 har
308 3144 501 3215 computare
526 3142 558 3190 et
586 3147 664 3190 cum
691 3126 993 3200 observationibus,
1030 3146 1114 3215 quot
1130 3133 1270 3205 exstant,
1287 3152 1367 3195 con.

79 3249 162 3315 ferre
183 3243 326 3331 placuit,
359 3249 459 3322 prout
478 3234 585 3295 tabula
616 3232 753 3316 sequens
777 3236 812 3293 in
842 3230 1057 3318 conspectum
1081 3235 1181 3298 dabit.
1243 3239 1367 3300 Discri-

78 3375 156 3419 men
171 3354 260 3422 lere,
283 3345 375 3434 quod
394 3338 551 3428 superest,
572 3339 695 3420 'absque
710 3338 847 3415 injuria,
869 3351 901 3399 et
918 3338 1041 3402 fatente
1057 3339 1128 3425 ipso
1145 3343 1368 3407 RRADLE·

79 3464 107 3527 J
111 3463 164 3533 0,
187 3461 222 3520 in
238 3450 475 3519 observationis
492 3459 548 3507 aut
563 3442 773 3505 instrumenti
787 3443 909 3503 vitium
927 3447 1048 3524 conjici
1063 3442 1188 3529 potesl3
1210 3465 1288 3508 narn
1305 3446 1368 3511 dis·

79 3566 237 3630 serentiae
250 3560 428 3627 maximae,
450 3570 625 3635 nunquam
642 3548 726 3610 ultra
743 3563 851 3610 unum
868 3550 1040 3612 minutum
1057 3551 1237 3615 secundum
1260 3551 1368 3616 adsur-

79 3686 211 3759 gentes,
234 3682 267 3729 et
281 3667 478 3751 plerumque
495 3660 530 3718 in
541 3656 896 3738 contrariasvergentes
905 3669 1028 3737 partes,
1044 3658 1141 3742 plane
1155 3656 1366 3733 evanescunt,

79 3792 120 3842 ut
139 3779 238 3839 ctiam
256 3773 343 3855 ligna
359 3766 462 3831 medii
478 3765 594 3828 erroris
609 3761 752 3846 apposita
767 3759 999 3824 demonstrant.

114 4400 154 4469 2)
173 4395 285 4451 Me'can.
301 4387 413 4451 celasse,
431 4387 517 4444 Tam.
530 4384 581 4445 tv.
597 4383 715 4440 Praesat.
738 4398 803 4459 pag.
815 4383 869 4440 Xs.
913 4382 964 4439 La
981 4381 1119 4440 LANDE
1136 4377 1295 4438 Aaronom.
1313 4365 1368 4429 Ta·

146 4488 209 4547 bul.
225 4504 290 4566 pag.
312 4494 374 4548 238.

781 4694 810 4759 L
