3202 5168
727 286 777 396 ⁶3

107 460 178 541 sum
188 466 229 542 ¹iu
244 476 295 543 cl.
312 476 568 544 BRADLEJI
584 491 616 542 et
648 477 966 544 mumma]
984 475 1268 544 observationibut
1283 478 1392 543 intre

106 585 248 647 rendum
270 585 361 648 duxi.

187 690 264 752 Mor
279 689 321 751 est
336 689 457 751 abhinc
472 686 698 752 semiseeuium
717 686 804 773 apud
821 687 1025 751 astronomoe
1042 686 1297 753 Grenorieensea
1318 705 1391 749 non

104 794 182 859 satia
197 794 399 863 laudandae,
425 807 459 854 et
480 795 565 855 coeii
582 795 899 879 contemplatoribus
919 794 1222 866 commendandus,
1251 791 1391 854 siderum

103 902 285 964 errantium
309 899 380 961 loca
401 917 480 959 curu
501 896 699 983 paucissimit
723 912 756 961 et
784 898 909 982 semper
930 899 1055 962 eisdem
1086 897 1162 964 saxia
1191 917 1390 981 comparare.

103 1006 191 1069 Nam
209 1006 279 1068 bin
295 1004 500 1089 planetarum
514 1015 671 1065 motuum
699 1004 947 1091 inaequalitate·
967 1005 1173 1089 inquiratur,
1202 1018 1235 1066 et
1261 1002 1390 1064 illarum

105 1115 317 1198 aequatiouea
331 1129 371 1170 ex
385 1105 667 1170 observationibus
684 1109 874 1175 eliciantur:
898 1130 1041 1182 errorer,
1064 1110 1086 1170 sr
1108 1114 1166 1196 qui
1192 1110 1227 1170 iu
1250 1107 1391 1169 iixarum

104 1219 222 1282 harum
236 1213 452 1302 positionibus
468 1211 543 1276 sunt
557 1211 736 1287 commissi,
758 1215 794 1276 in
813 1217 1016 1300 planetarum
1032 1217 1209 1300 positiones
1229 1211 1392 1276 redunda-

106 1323 208 1392 bunt,
237 1335 270 1382 et
295 1318 532 1403 aequationum
559 1319 675 1380 harum
700 1319 924 1384 coisticieutee
951 1341 990 1384 eo
1016 1324 1207 1385 incertioret
1230 1317 1387 1388 reddent,

104 1445 172 1514 quo
196 1429 318 1505 majore
339 1424 496 1496 fixarum,
515 1421 752 1490 observationis
771 1430 936 1490 erroribua
957 1429 1224 1512 inquinatarum,
1247 1442 1388 1488 numero

102 1531 181 1597 usus
199 1528 296 1593 suerit
310 1528 505 1593 observator.
549 1530 620 1591 Jarn
637 1531 660 1592 ii
675 1533 711 1593 in
728 1533 933 1616 planetarum
959 1532 1241 1601 observationibus
1265 1529 1390 1612 semper

99 1638 216 1702 eadem
237 1635 382 1716 (etiamsi
397 1655 566 1720 perperam
586 1634 823 1718 determinata)
840 1640 1049 1703 adhiberetur
1062 1640 1151 1713 sixa,
1173 1637 1387 1723 aquationes

101 1748 182 1816 hae,
196 1756 228 1806 et
241 1755 323 1802 tunc
339 1740 473 1824 quidem
488 1743 726 1828 veritatiquam
740 1747 889 1830 proxime
908 1748 1099 1810 recedenter
1117 1746 1191 1808 elici
1205 1754 1386 1830 poterunt,
1432 1762 1440 1779 ·

101 1846 286 1912 dummodo
311 1844 346 1905 id
370 1844 609 1928 provideatur,
630 1864 669 1910 ut
684 1863 795 1914 tantur
819 1852 855 1913 srt
871 1851 1137 1916 observationum
1158 1865 1317 1913 numerus
1334 1844 1387 1907 ad·

100 1954 227 2021 bibitur
260 1956 296 2013 in
314 1953 457 2013 maximo
480 1952 591 2013 valore
605 1956 744 2038 positivo
764 1959 864 2035 hujua
882 1961 1107 2044 aequationie,
1129 1967 1273 2042 quantua
1288 1953 1386 2012 iuva·

100 2063 170 2125 lore
188 2061 331 2122 maximo
346 2061 513 2142 negativo.
555 2059 619 2120 Sed
633 2078 711 2122 cum
732 2062 797 2123 hoc
820 2060 893 2124 fieri
916 2078 1083 2149 nequeat,
1110 2059 1386 2125 verisimillimum

98 2165 161 2237 est,
181 2167 217 2224 in
234 2161 498 2247 paucissimamrn
513 2162 656 2225 sixarum
678 2165 718 2226 ad
739 2167 833 2230 bunc
847 2166 944 2230 usum
964 2169 1112 2241 delectu,
1127 2169 1162 2228 in
1184 2180 1306 2246 magno
1327 2161 1384 2223 ob-

43 2283 45 2287 '
99 2270 323 2334 servationum
340 2287 499 2342 numero,
517 2282 622 2331 tantae
637 2289 695 2351 per
709 2270 930 2353 plurimorum
953 2292 1117 2336 annorum
1142 2265 1314 2332 decursum
1336 2266 1386 2325 in·

97 2373 303 2439 terfrxaehas
317 2369 387 2434 sore
404 2375 682 2457 permutationes,
703 2388 759 2444 ut,
777 2375 799 2435 sr
815 2378 920 2461 quiin
936 2378 1001 2439 illia
1016 2379 1120 2440 latent
1130 2394 1271 2445 erronea,
1291 2372 1326 2433 hi
1342 2387 1382 2434 eo

96 2494 197 2568 pacto
212 2478 458 2562 propemodum
479 2475 682 2546 evanescant,
732 2477 878 2564 ideoque
898 2494 971 2542 tum
994 2482 1033 2545 Cl
1068 2477 1382 2548 BRADLEJVS,

97 2601 172 2650 tum
189 2585 240 2648 et.
257 2585 562 2648 MASKELI'NE
578 2583 713 2664 triginta
730 2581 779 2644 sex
795 2587 1027 2651 tantummodo
1045 2587 1140 2661 siuas,
1163 2586 1288 2650 summa
1304 2601 1382 2646 cum

96 2711 176 2755 cura
195 2687 368 2757 delinitae.
390 2691 425 2750 in
440 2690 532 2752 hunc
546 2688 644 2750 usum
659 2690 901 2767 adhibuerunt,
923 2696 960 2755 in
975 2698 1096 2782 quibua
1114 2693 1269 2756 limandir
1290 2687 1381 2752 inde·

97 2796 175 2862 sesso
193 2794 317 2878 semper
330 2793 436 2857 studio
453 2793 529 2856 sunt
543 2791 670 2856 versati.

178 2900 353 2976 Stellamm
368 2901 470 2982 igitur
480 2901 597 2963 harum
611 2899 810 2965 ascentionea
825 2916 948 2977 rectae,
969 2907 1160 2990 nuperrime
1174 2923 1192 2964 a
1208 2899 1258 2965 Cl.
1269 2897 1382 2961 MAS-

95 3005 301 3072 HELYNE
315 3003 492 3066 etiannum
516 3005 851 3081 agoadetermiuataa,
873 3010 1040 3082 cumillis,
1064 3008 1204 3097 quaaCl.
1227 3002 1380 3068 BRAD·

93 3110 230 3180 LEJV
229 3111 253 3173 8
276 3109 317 3171 ad
337 3129 463 3172 annum
492 3115 569 3190 1760
588 3116 718 3186 retulit,
752 3115 902 3179 conferre
923 3115 1067 3199 placuit,
1096 3129 1134 3178 ut
1149 3133 1208 3198 per
1225 3128 1262 3188 42
1279 3125 1380 3171 auno·

94 3239 171 3283 rum
188 3215 327 3301 spatium
348 3229 461 3276 motus
487 3217 542 3279 hic
565 3218 800 3296 innotesceret,
827 3242 927 3307 quem
939 3224 1111 3308 proprium
1131 3220 1297 3288 dicimua;
1319 3214 1394 3302 qqi‘

95 3324 234 3413 quidem
257 3342 297 3385 eo
320 3321 480 3404 brientina
503 3341 563 3405 pro
586 3323 643 3384 tali
664 3325 776 3386 assumi
798 3329 945 3409 poterit,
973 3347 1041 3413 quo
1064 3326 1281 3390 accuratiorea
1303 3319 1379 3382 suut

94 3431 351 3496 observationea.
391 3428 495 3500 Nam,
516 3446 559 3489 ne
575 3427 656 3513 quid
672 3429 795 3503 celem,
815 3451 864 3494 rea
880 3431 1049 3496 manifesta
1062 3430 1125 3505 est,
1144 3442 1276 3492 motum
1285 3428 1378 3490 hunc

95 3538 362 3604 observationum
380 3553 501 3596 naevos
516 3535 651 3619 penitua
665 3535 846 3600 Involvere.
886 3540 989 3624 Atqui
1011 3556 1089 3601 cum
1110 3534 1378 3598 observationum

93 3648 210 3708 barum
226 3643 387 3704 terminua
401 3640 619 3703 intermedius
635 3641 671 3702 in
688 3660 813 3703 annum
831 3661 905 3723 ¹781
924 3644 1043 3718 cadat,
1071 3643 1224 3706 reductae
1245 3636 1378 3702 suntad

92 3752 186 3813 hunc
201 3768 346 3816 annum,
369 3746 472 3808 sumta
489 3745 611 3808 scilicet
631 3746 794 3830 positione
818 3747 927 3810 media
946 3750 1034 3810 inter
1053 3749 1104 3812 (ΖΙ.
1126 3744 1383 3812 BRADLEJI

90 3870 126 3919 et
145 3855 195 3923 ct.
216 3854 520 3918 MASKELYNE
547 3850 801 3915 observationer.
855 3852 1085 3917 Praecesstouia
1106 3873 1183 3918 vero
1208 3855 1376 3939 quantitaa

89 3961 133 4026 ad
147 3963 233 4024 bane
254 3960 411 4043 temporis
428 3959 590 4042 epocham
608 3977 669 4044 pro
684 3976 724 4036 42
745 3978 910 4024 annorum
930 3959 1033 4044 spatio
1056 3982 1115 4048 per
1133 3959 1311 4026 formulam
1332 3960 1377 4024 se·

90 4077 252 4154 quantem
268 4063 407 4126 definita
424 4061 486 4125 este

254 4225 476 4306 (45,'338124
494 4243 537 4291 -ι-
558 4226 749 4304 20,'0to358
771 4226 818 4289 sin
834 4228 880 4292 At
901 4242 990 4315 tang.
1011 4226 1153 4313 declin.)
1173 4250 1211 4309 4²

87 4404 124 4456 et
136 4387 216 4452 inde
229 4405 329 4472 porro
347 4406 386 4448 ex
403 4384 681 4452 differentiarum
701 4388 946 4465 observatione,
967 4407 1079 4457 mutua
1102 4395 1158 4455 hic
1172 4409 1303 4453 annuur
1317 4387 1374 4449 eli.

85 4500 175 4560 citur
189 4493 243 4558 est.
285 4491 466 4576 Quomodo
481 4494 546 4556 hoc
560 4492 703 4559 seorsum
717 4496 950 4581 praestiterim,
971 4496 1109 4584 sequeus
1131 4496 1238 4560 tabula
1253 4496 1372 4560 clarina

83 4605 123 4687 iu
137 4599 353 4686 conspectum
373 4597 474 4661 dabit.
