3202 5168
765 295 836 397 163

158 487 318 561 veniunt,
345 495 385 548 ut
409 480 527 548 calculi
544 477 764 567 paradigmata
787 497 868 543 mox
890 478 975 545 inira
1001 478 1170 550 reserenda
1201 486 1318 556 clarior
1339 490 1441 557 oslen-

157 591 251 654 dent.

239 695 355 758 Stellae
368 693 487 778 polaria
509 690 707 778 politionem
734 688 886 754 dedimno
903 694 969 770 jam
991 693 1218 778 amplissimam
1227 701 1308 785 lpag.
1325 704 1365 780 76
1379 702 1440 766 hu·

158 803 213 879 jue
230 799 335 882 operia
355 800 395 861 ab
409 816 496 861 anno
514 818 592 880 1790
605 797 645 860 ad
665 816 792 860 annum
815 814 904 872 1820.
946 797 1010 861 set
1033 818 1111 863 cum
1136 803 1173 863 in
1198 804 1264 866 hoc
1277 808 1438 891 temporie

159 903 336 966 intervallo
360 902 496 968 effectur
519 904 731 967 aberrationie
753 915 786 964 et
808 903 992 967 notationis
1016 904 1052 966 in
1075 901 1293 970 ascensionem
1315 924 1438 974 rectam

160 1008 265 1088 hujus
288 1006 372 1071 lirae
393 1026 531 1093 propere
549 1020 750 1071 mutenturr
771 1007 869 1070 libuit
890 996 1014 1072 tabulae
1038 1011 1216 1094 pecoliarer
1238 1013 1373 1089 addere,
1402 1017 1439 1080 in

162 1115 287 1199 quibua
311 1114 509 1197 quantitates
531 1112 592 1178 hae
616 1131 677 1198 pro
701 1113 822 1197 quovit
843 1112 1005 1177 decennio
1028 1115 1068 1178 ab
1095 1133 1160 1179 ovo
1177 1115 1370 1203 supputatae
1386 1122 1441 1186 ha·

161 1220 296 1283 bentur.

242 1325 294 1386 De
308 1322 445 1405 catalogi
460 1321 560 1385 nollri
583 1321 798 1406 dirpofitione
820 1323 856 1385 irl
876 1323 1038 1387 monuisse
1053 1327 1199 1406 juvabit.
1227 1347 1290 1393 noo
1305 1329 1440 1395 strictim

162 1431 200 1492 in
218 1427 357 1492 lixarum
377 1430 626 1490 enumeratIone
660 1447 814 1491 numeros
833 1429 858 1490 F
860 1429 1123 1505 lamteedtrnor,
1152 1433 1332 1498 secundum
1357 1441 1441 1517 ejus·

162 1535 392 1598 ‹lemauctoria
412 1532 585 1626 issoi-iam
607 1531 767 1625 coelestem
787 1532 1008 1607 britannicam
1029 1536 1099 1600 Vol.
1109 1539 1173 1611 111,
1195 1537 1320 1603 secutor
1334 1540 1438 1606 inille.

162 1641 251 1706 Cum
266 1642 393 1703 veroin
410 1634 621 1702 conficiendo
637 1639 703 1701 hoc
715 1639 924 1702 celeberrimo
947 1640 1094 1726 catalogo
1117 1642 1226 1726 plnres
1249 1645 1441 1729 irrepfilsent

163 1759 239 1808 tuna
254 1743 469 1808 observatoris
486 1743 781 1817 hallucinationer‚
819 1759 891 1807 cum
913 1745 1029 1809 calculi
1050 1745 1175 1832 lapsura
1204 1749 1266 1813 hoe
1280 1751 1317 1812 in
1330 1768 1439 1815 recen·

165 1853 256 1916 lione
270 1852 427 1936 peculiari
440 1851 561 1934 exponi
576 1862 609 1911 et
623 1849 790 1912 emendari
804 1851 840 1911 in
855 1851 943 1925 ¹rotie
966 1850 1020 1914 est.

245 1958 445 2020 Variationer
459 1954 599 2020 lixarum
618 1975 765 2027 annuae.
780 1968 851 2016 turn
867 1956 903 2018 in
920 1955 1102 2019 ascensione
1116 1971 1219 2030 recta,
1240 1970 1315 2022 tum
1330 1958 1366 2021 in
1385 1958 1440 2025 de·

162 2064 343 2129 clinatione
357 2063 537 2148 appositae,
559 2060 739 2125 secundnm
758 2058 897 2124 nostram
912 2061 1135 2144 praeceffiooir
1151 2065 1439 2145 aequinoctiorum

163 2169 429 2255 disquisitionem
453 2166 643 2251 supputatae
665 2164 751 2228 lunt.
794 2165 838 2226 Ut
859 2183 936 2227 vero
951 2165 1185 2228 calculatorum
1200 2170 1378 2232 commodo
1397 2190 1438 2235 ex

166 2275 263 2340 omni
282 2285 374 2357 parte
399 2268 643 2342 consuleretur,
674 2268 875 2333 constructae
908 2284 943 2333 et
964 2272 1005 2333 ad
1029 2270 1151 2333 calcem
1173 2271 1273 2351 hujna
1297 2274 1436 2360 catalogi

167 2380 314 2458 adjectae
330 2377 405 2440 sunt
426 2371 555 2438 tabulae
576 2376 704 2446 variae.
727 2393 864 2458 quarum
885 2391 948 2459 ope
967 2372 1125 2436 stellarum
1139 2377 1317 2439 errantium
1335 2393 1367 2442 et
1388 2381 1439 2444 in·

164 2486 347 2548 errantium
369 2483 544 2567 positione·
568 2480 630 2543 five
651 2492 840 2565 apparenter
863 2479 926 2542 live
940 2497 1033 2542 verae
1050 2479 1175 2544 calculo
1191 2479 1346 2546 sacillirno
1363 2482 1434 2551 suh·

162 2590 256 2656 mitti
265 2589 413 2674 polluntr
436 2587 527 2672 quod
541 2605 580 2648 ex
596 2585 776 2648 tabularum
796 2584 1090 2669 columnarumque
1097 2585 1382 2675 inscriptionum,
1401 2603 1436 2658 et

164 2718 207 2765 ex
224 2695 339 2763 calculi
354 2694 441 2779 typia
456 2711 536 2760 mox
553 2689 755 2777 exponendie
768 2688 869 2758 suino
883 2686 1053 2758 eluoescet.
