<?xml version="1.0" encoding="UTF-8"?>
<!DOCTYPE html PUBLIC "-//W3C//DTD XHTML 1.0 Transitional//EN"
    "http://www.w3.org/TR/xhtml1/DTD/xhtml1-transitional.dtd">
<html xmlns="http://www.w3.org/1999/xhtml" xml:lang="en" lang="en">
 <head>
  <title>
</title>
<meta http-equiv="Content-Type" content="text/html;charset=utf-8" />
  <meta name='ocr-system' content='tesseract 3.04.00' />
  <meta name='ocr-capabilities' content='ocr_page ocr_carea ocr_par ocr_line ocrx_word'/>
</head>
<body>
  <div class='ocr_page' id='page_1' title='image "./tabvlaespeciale00zachgoog_0170.png"; bbox 0 0 3202 5168; ppageno 0'>
   <div class='ocr_carea' id='block_1_1' title="bbox 673 284 743 361">
    <p class='ocr_par' dir='ltr' id='par_1_1' title="bbox 673 284 743 361">
     <span class='ocr_line' id='line_1_1' title="bbox 673 284 743 361; baseline -0.014 0"><span class='ocrx_word' id='word_1_1' title='bbox 673 284 743 361; x_wconf 78' lang='lat'><strong>161</strong></span> 
     </span>
    </p>
   </div>
   <div class='ocr_carea' id='block_1_2' title="bbox 22 464 1345 769">
    <p class='ocr_par' dir='ltr' id='par_1_2' title="bbox 22 464 1345 769">
     <span class='ocr_line' id='line_1_2' title="bbox 22 464 1345 554; baseline 0.005 -21"><span class='ocrx_word' id='word_1_2' title='bbox 22 536 27 543; x_wconf 73' lang='grc'>,</span> <span class='ocrx_word' id='word_1_3' title='bbox 68 467 234 554; x_wconf 76' lang='lat' dir='ltr'><strong>horologii</strong></span> <span class='ocrx_word' id='word_1_4' title='bbox 252 467 476 529; x_wconf 77' lang='lat' dir='ltr'><strong>deviationem</strong></span> <span class='ocrx_word' id='word_1_5' title='bbox 490 484 509 527; x_wconf 88' lang='lat' dir='ltr'><strong>a</strong></span> <span class='ocrx_word' id='word_1_6' title='bbox 524 478 671 550; x_wconf 86' lang='lat' dir='ltr'><strong>tempore</strong></span> <span class='ocrx_word' id='word_1_7' title='bbox 684 483 763 529; x_wconf 83' lang='lat' dir='ltr'><strong>veto</strong></span> <span class='ocrx_word' id='word_1_8' title='bbox 780 464 919 538; x_wconf 86' lang='lat' dir='ltr'><strong>lidereo,</strong></span> <span class='ocrx_word' id='word_1_9' title='bbox 948 487 1013 553; x_wconf 88' lang='lat' dir='ltr'><strong>qua</strong></span> <span class='ocrx_word' id='word_1_10' title='bbox 1027 468 1118 544; x_wconf 84' lang='lat' dir='ltr'><strong>data,</strong></span> <span class='ocrx_word' id='word_1_11' title='bbox 1147 472 1345 539; x_wconf 73' lang='lat' dir='ltr'><strong>escendonea</strong></span> 
     </span>
     <span class='ocr_line' id='line_1_3' title="bbox 67 570 1345 658; baseline 0.005 -21"><span class='ocrx_word' id='word_1_12' title='bbox 67 589 176 637; x_wconf 85' lang='lat' dir='ltr'><strong>rectae</strong></span> <span class='ocrx_word' id='word_1_13' title='bbox 192 591 327 658; x_wconf 87' lang='lat' dir='ltr'><strong>quoque</strong></span> <span class='ocrx_word' id='word_1_14' title='bbox 341 570 676 634; x_wconf 66' lang='lat' dir='ltr'><strong>nallammeomuium</strong></span> <span class='ocrx_word' id='word_1_15' title='bbox 698 573 759 634; x_wconf 81' lang='lat' dir='ltr'><strong>bac</strong></span> <span class='ocrx_word' id='word_1_16' title='bbox 782 571 836 633; x_wconf 90' lang='lat' dir='ltr'><strong>die</strong></span> <span class='ocrx_word' id='word_1_17' title='bbox 860 574 941 636; x_wconf 89' lang='lat' dir='ltr'><strong>tubo</strong></span> <span class='ocrx_word' id='word_1_18' title='bbox 962 576 1145 639; x_wconf 87' lang='lat' dir='ltr'><strong>meridiano</strong></span> <span class='ocrx_word' id='word_1_19' title='bbox 1167 579 1345 643; x_wconf 77' lang='lat' dir='ltr'><strong>observata·</strong></span> 
     </span>
     <span class='ocr_line' id='line_1_4' title="bbox 66 676 1345 769; baseline 0.004 -26"><span class='ocrx_word' id='word_1_20' title='bbox 66 700 144 761; x_wconf 73' lang='lat' dir='ltr'><strong>rum</strong></span> <span class='ocrx_word' id='word_1_21' title='bbox 159 682 390 748; x_wconf 81' lang='lat' dir='ltr'><strong>innotuerant,</strong></span> <span class='ocrx_word' id='word_1_22' title='bbox 410 689 443 738; x_wconf 86' lang='lat' dir='ltr'><strong>et</strong></span> <span class='ocrx_word' id='word_1_23' title='bbox 459 694 536 737; x_wconf 86' lang='lat' dir='ltr'><strong>cnm</strong></span> <span class='ocrx_word' id='word_1_24' title='bbox 552 679 587 736; x_wconf 90' lang='lat' dir='ltr'><strong>in</strong></span> <span class='ocrx_word' id='word_1_25' title='bbox 603 677 694 740; x_wconf 88' lang='lat' dir='ltr'><strong>huuc</strong></span> <span class='ocrx_word' id='word_1_26' title='bbox 709 676 813 740; x_wconf 78' lang='lat' dir='ltr'><strong>finem</strong></span> <span class='ocrx_word' id='word_1_27' title='bbox 851 676 990 761; x_wconf 78' lang='lat' dir='ltr'><strong>semper,</strong></span> <span class='ocrx_word' id='word_1_28' title='bbox 1014 695 1176 765; x_wconf 87' lang='lat' dir='ltr'><strong>quantum</strong></span> <span class='ocrx_word' id='word_1_29' title='bbox 1198 683 1269 747; x_wconf 78' lang='lat' dir='ltr'><strong>fieri</strong></span> <span class='ocrx_word' id='word_1_30' title='bbox 1287 705 1345 769; x_wconf 88' lang='lat' dir='ltr'><strong>po·</strong></span> 
     </span>
    </p>
   </div>
   <div class='ocr_carea' id='block_1_3' title="bbox 68 764 1446 857">
    <p class='ocr_par' dir='ltr' id='par_1_3' title="bbox 68 764 1446 857">
     <span class='ocr_line' id='line_1_5' title="bbox 68 764 1446 857; baseline 0.004 -10"><span class='ocrx_word' id='word_1_31' title='bbox 68 788 152 857; x_wconf 90' lang='lat' dir='ltr'><strong>tuit,</strong></span> <span class='ocrx_word' id='word_1_32' title='bbox 175 764 429 846; x_wconf 43' lang='lat' dir='ltr'><strong>omnes&#39;harnm</strong></span> <span class='ocrx_word' id='word_1_33' title='bbox 455 781 579 845; x_wconf 86' lang='lat' dir='ltr'><strong>XXXVI</strong></span> <span class='ocrx_word' id='word_1_34' title='bbox 601 780 762 845; x_wconf 87' lang='lat' dir='ltr'><strong>llellarum</strong></span> <span class='ocrx_word' id='word_1_35' title='bbox 787 781 972 845; x_wconf 77' lang='lat' dir='ltr'><strong>observatae</strong></span> <span class='ocrx_word' id='word_1_36' title='bbox 994 784 1117 848; x_wconf 85' lang='lat' dir='ltr'><strong>fuerint</strong></span> <span class='ocrx_word' id='word_1_37' title='bbox 1138 788 1346 853; x_wconf 89' lang='lat' dir='ltr'><strong>culminatio·</strong></span> <span class='ocrx_word' id='word_1_38' title='bbox 1442 808 1446 817; x_wconf 87' lang='grc'><strong>’</strong></span> 
     </span>
    </p>
   </div>
   <div class='ocr_carea' id='block_1_4' title="bbox 10 885 1348 4727">
    <p class='ocr_par' dir='ltr' id='par_1_4' title="bbox 18 885 1348 4121">
     <span class='ocr_line' id='line_1_6' title="bbox 65 885 1344 971; baseline 0.003 -18"><span class='ocrx_word' id='word_1_39' title='bbox 65 910 145 954; x_wconf 83' lang='lat' dir='ltr'><strong>nes:</strong></span> <span class='ocrx_word' id='word_1_40' title='bbox 168 909 256 951; x_wconf 87' lang='lat' dir='ltr'><strong>error</strong></span> <span class='ocrx_word' id='word_1_41' title='bbox 272 888 418 959; x_wconf 85' lang='lat' dir='ltr'><strong>medina,</strong></span> <span class='ocrx_word' id='word_1_42' title='bbox 442 887 556 971; x_wconf 84' lang='lat' dir='ltr'><strong>quiex</strong></span> <span class='ocrx_word' id='word_1_43' title='bbox 580 885 754 949; x_wconf 84' lang='lat' dir='ltr'><strong>novillruto</strong></span> <span class='ocrx_word' id='word_1_44' title='bbox 778 887 926 970; x_wconf 83' lang='lat' dir='ltr'><strong>catalogo</strong></span> <span class='ocrx_word' id='word_1_45' title='bbox 942 889 1021 948; x_wconf 90' lang='lat' dir='ltr'><strong>anni</strong></span> <span class='ocrx_word' id='word_1_46' title='bbox 1047 905 1120 965; x_wconf 83' lang='lat'>18⁰²</span> <span class='ocrx_word' id='word_1_47' title='bbox 1143 892 1179 951; x_wconf 91' lang='lat' dir='ltr'><strong>in</strong></span> <span class='ocrx_word' id='word_1_48' title='bbox 1204 888 1344 957; x_wconf 84' lang='lat' dir='ltr'><strong>lixarum</strong></span> 
     </span>
     <span class='ocr_line' id='line_1_7' title="bbox 65 988 1343 1076; baseline 0.003 -19"><span class='ocrx_word' id='word_1_49' title='bbox 65 994 250 1057; x_wconf 82' lang='lat' dir='ltr'><strong>nollrarum</strong></span> <span class='ocrx_word' id='word_1_50' title='bbox 268 992 557 1055; x_wconf 70' lang='lat' dir='ltr'><strong>determinationes</strong></span> <span class='ocrx_word' id='word_1_51' title='bbox 568 988 748 1053; x_wconf 88' lang='lat' dir='ltr'><strong>redundare</strong></span> <span class='ocrx_word' id='word_1_52' title='bbox 762 989 884 1075; x_wconf 80' lang='lat' dir='ltr'><strong>potest,</strong></span> <span class='ocrx_word' id='word_1_53' title='bbox 906 996 1161 1076; x_wconf 86' lang='lat' dir='ltr'><strong>quamproxime</strong></span> <span class='ocrx_word' id='word_1_54' title='bbox 1174 994 1343 1073; x_wconf 80' lang='lat' dir='ltr'><strong>ldemerit,</strong></span> 
     </span>
     <span class='ocr_line' id='line_1_8' title="bbox 66 1096 1342 1186; baseline 0.004 -27"><span class='ocrx_word' id='word_1_55' title='bbox 66 1102 186 1184; x_wconf 89' lang='lat' dir='ltr'><strong>quiex</strong></span> <span class='ocrx_word' id='word_1_56' title='bbox 201 1097 308 1160; x_wconf 89' lang='lat' dir='ltr'><strong>media</strong></span> <span class='ocrx_word' id='word_1_57' title='bbox 322 1096 504 1161; x_wconf 83' lang='lat' dir='ltr'><strong>differentia</strong></span> <span class='ocrx_word' id='word_1_58' title='bbox 527 1096 749 1178; x_wconf 82' lang='lat' dir='ltr'><strong>catalogorum</strong></span> <span class='ocrx_word' id='word_1_59' title='bbox 770 1113 933 1157; x_wconf 88' lang='lat' dir='ltr'><strong>annorum</strong></span> <span class='ocrx_word' id='word_1_60' title='bbox 958 1117 1034 1179; x_wconf 86' lang='lat'><strong>¹790</strong></span> <span class='ocrx_word' id='word_1_61' title='bbox 1056 1111 1089 1159; x_wconf 87' lang='lat' dir='ltr'><strong>et</strong></span> <span class='ocrx_word' id='word_1_62' title='bbox 1112 1118 1185 1174; x_wconf 83' lang='lat'>1802</span> <span class='ocrx_word' id='word_1_63' title='bbox 1210 1103 1342 1186; x_wconf 85' lang='lat' dir='ltr'><strong>prodit,</strong></span> 
     </span>
     <span class='ocr_line' id='line_1_9' title="bbox 65 1200 1342 1287; baseline 0.005 -22"><span class='ocrx_word' id='word_1_64' title='bbox 65 1218 101 1266; x_wconf 84' lang='lat' dir='ltr'><strong>et</strong></span> <span class='ocrx_word' id='word_1_65' title='bbox 120 1206 178 1287; x_wconf 91' lang='lat' dir='ltr'><strong>qui</strong></span> <span class='ocrx_word' id='word_1_66' title='bbox 196 1203 302 1265; x_wconf 88' lang='lat' dir='ltr'><strong>lumto</strong></span> <span class='ocrx_word' id='word_1_67' title='bbox 317 1205 382 1265; x_wconf 89' lang='lat' dir='ltr'><strong>boc</strong></span> <span class='ocrx_word' id='word_1_68' title='bbox 398 1203 507 1264; x_wconf 88' lang='lat' dir='ltr'><strong>medio</strong></span> <span class='ocrx_word' id='word_1_69' title='bbox 517 1200 723 1265; x_wconf 81' lang='lat' dir='ltr'><strong>arithmetico</strong></span> <span class='ocrx_word' id='word_1_70' title='bbox 733 1201 920 1263; x_wconf 90' lang='lat' dir='ltr'><strong>invenietur</strong></span> <span class='ocrx_word' id='word_1_71' title='bbox 937 1223 978 1266; x_wconf 61' lang='grc'><strong>4-</strong></span> <span class='ocrx_word' id='word_1_72' title='bbox 997 1202 1139 1282; x_wconf 79' lang='lat'><strong>0,&#39;1723.</strong></span> <span class='ocrx_word' id='word_1_73' title='bbox 1181 1206 1245 1268; x_wconf 82' lang='lat' dir='ltr'><strong>Sed</strong></span> <span class='ocrx_word' id='word_1_74' title='bbox 1263 1227 1342 1271; x_wconf 90' lang='lat' dir='ltr'><strong>cum</strong></span> 
     </span>
     <span class='ocr_line' id='line_1_10' title="bbox 65 1304 1341 1390; baseline 0.005 -21"><span class='ocrx_word' id='word_1_75' title='bbox 65 1307 250 1370; x_wconf 79' lang='lat' dir='ltr'><strong>secundnm</strong></span> <span class='ocrx_word' id='word_1_76' title='bbox 282 1308 522 1369; x_wconf 81' lang='lat' dir='ltr'><strong>oblervationea</strong></span> <span class='ocrx_word' id='word_1_77' title='bbox 557 1320 590 1368; x_wconf 89' lang='lat' dir='ltr'><strong>et</strong></span> <span class='ocrx_word' id='word_1_78' title='bbox 626 1304 868 1390; x_wconf 81' lang='lat' dir='ltr'><strong>disquifitionea</strong></span> <span class='ocrx_word' id='word_1_79' title='bbox 910 1305 1157 1370; x_wconf 74' lang='lat' dir='ltr'><strong>clarissimorum</strong></span> <span class='ocrx_word' id='word_1_80' title='bbox 1192 1313 1341 1376; x_wconf 84' lang='lat' dir='ltr'><strong>virorum</strong></span> 
     </span>
     <span class='ocr_line' id='line_1_11' title="bbox 60 1402 1339 1499; baseline 0.003 -23"><span class='ocrx_word' id='word_1_81' title='bbox 60 1414 238 1476; x_wconf 82' lang='lat' dir='ltr'><em>PIAZZI</em></span> <span class='ocrx_word' id='word_1_82' title='bbox 256 1426 289 1474; x_wconf 90' lang='lat' dir='ltr'><strong>et</strong></span> <span class='ocrx_word' id='word_1_83' title='bbox 309 1416 342 1473; x_wconf 88' lang='lat' dir='ltr'><em>B</em></span> <span class='ocrx_word' id='word_1_84' title='bbox 349 1402 455 1476; x_wconf 65' lang='grc' dir='ltr'><strong>ΗΒΘ</strong></span> <span class='ocrx_word' id='word_1_85' title='bbox 469 1410 654 1474; x_wconf 86' lang='lat' dir='ltr'><strong>differentia</strong></span> <span class='ocrx_word' id='word_1_86' title='bbox 668 1412 747 1471; x_wconf 85' lang='lat' dir='ltr'><strong>haec</strong></span> <span class='ocrx_word' id='word_1_87' title='bbox 756 1408 864 1471; x_wconf 86' lang='lat' dir='ltr'><strong>media</strong></span> <span class='ocrx_word' id='word_1_88' title='bbox 877 1410 912 1471; x_wconf 77' lang='lat' dir='ltr'><strong>stt</strong></span> <span class='ocrx_word' id='word_1_89' title='bbox 930 1430 972 1476; x_wconf 79' lang='lat' dir='ltr'><strong>-t-</strong></span> <span class='ocrx_word' id='word_1_90' title='bbox 991 1411 1166 1491; x_wconf 81' lang='lat' dir='ltr'><strong>o,&#39;2758in</strong></span> <span class='ocrx_word' id='word_1_91' title='bbox 1181 1426 1339 1499; x_wconf 86' lang='lat' dir='ltr'><strong>tempore,</strong></span> 
     </span>
     <span class='ocr_line' id='line_1_12' title="bbox 66 1514 1339 1603; baseline 0.005 -26"><span class='ocrx_word' id='word_1_92' title='bbox 66 1517 124 1578; x_wconf 91' lang='lat' dir='ltr'><strong>leu</strong></span> <span class='ocrx_word' id='word_1_93' title='bbox 145 1540 187 1584; x_wconf 90' lang='lat' dir='ltr'><strong>·t-</strong></span> <span class='ocrx_word' id='word_1_94' title='bbox 205 1520 316 1595; x_wconf 84' lang='lat'><strong>4,&#39;137</strong></span> <span class='ocrx_word' id='word_1_95' title='bbox 335 1521 473 1579; x_wconf 85' lang='lat' dir='ltr'><strong>inarcu:</strong></span> <span class='ocrx_word' id='word_1_96' title='bbox 495 1514 1066 1587; x_wconf 83' lang='lat' dir='ltr'><strong>omneaalcenlionearectasnollraa,</strong></span> <span class='ocrx_word' id='word_1_97' title='bbox 1086 1538 1144 1601; x_wconf 89' lang='lat' dir='ltr'><strong>per</strong></span> <span class='ocrx_word' id='word_1_98' title='bbox 1154 1522 1339 1603; x_wconf 85' lang='lat' dir='ltr'><strong>catalogum</strong></span> 
     </span>
     <span class='ocr_line' id='line_1_13' title="bbox 64 1621 1337 1705; baseline 0.005 -21"><span class='ocrx_word' id='word_1_99' title='bbox 64 1622 160 1684; x_wconf 87' lang='lat' dir='ltr'><strong>bunc</strong></span> <span class='ocrx_word' id='word_1_100' title='bbox 175 1624 253 1683; x_wconf 90' lang='lat' dir='ltr'><strong>anni</strong></span> <span class='ocrx_word' id='word_1_101' title='bbox 272 1621 658 1705; x_wconf 81' lang='lat' dir='ltr'><strong>1790expietae,·eadem</strong></span> <span class='ocrx_word' id='word_1_102' title='bbox 674 1622 735 1682; x_wconf 83' lang='lat' dir='ltr'><strong>bac</strong></span> <span class='ocrx_word' id='word_1_103' title='bbox 752 1623 902 1683; x_wconf 85' lang='lat' dir='ltr'><strong>auximue</strong></span> <span class='ocrx_word' id='word_1_104' title='bbox 926 1624 1117 1705; x_wconf 85' lang='lat' dir='ltr'><strong>quantitate.</strong></span> <span class='ocrx_word' id='word_1_105' title='bbox 1158 1624 1337 1689; x_wconf 83' lang='lat' dir='ltr'><strong>Enimvero</strong></span> 
     </span>
     <span class='ocr_line' id='line_1_14' title="bbox 63 1726 1337 1812; baseline 0.006 -24"><span class='ocrx_word' id='word_1_106' title='bbox 63 1744 141 1788; x_wconf 91' lang='lat' dir='ltr'><strong>cum</strong></span> <span class='ocrx_word' id='word_1_107' title='bbox 160 1726 217 1787; x_wconf 89' lang='lat' dir='ltr'><strong>diu</strong></span> <span class='ocrx_word' id='word_1_108' title='bbox 239 1739 316 1787; x_wconf 89' lang='lat' dir='ltr'><strong>ante</strong></span> <span class='ocrx_word' id='word_1_109' title='bbox 337 1729 550 1789; x_wconf 81' lang='lat' dir='ltr'><strong>correctionis</strong></span> <span class='ocrx_word' id='word_1_110' title='bbox 572 1727 832 1808; x_wconf 83' lang='lat' dir='ltr'><strong>recognitionem</strong></span> <span class='ocrx_word' id='word_1_111' title='bbox 860 1727 1106 1808; x_wconf 87' lang='lat' dir='ltr'><strong>praecipuarum</strong></span> <span class='ocrx_word' id='word_1_112' title='bbox 1121 1732 1337 1812; x_wconf 88' lang='lat' dir='ltr'><strong>quarumdam</strong></span> 
     </span>
     <span class='ocr_line' id='line_1_15' title="bbox 60 1828 1336 1919; baseline 0.008 -29"><span class='ocrx_word' id='word_1_113' title='bbox 60 1830 202 1892; x_wconf 79' lang='lat' dir='ltr'><strong>fixarum</strong></span> <span class='ocrx_word' id='word_1_114' title='bbox 212 1830 410 1894; x_wconf 74' lang='lat' dir='ltr'><strong>ascensiones</strong></span> <span class='ocrx_word' id='word_1_115' title='bbox 423 1847 528 1894; x_wconf 89' lang='lat' dir='ltr'><strong>tectae</strong></span> <span class='ocrx_word' id='word_1_116' title='bbox 541 1831 663 1893; x_wconf 85' lang='lat' dir='ltr'><strong>nostrae</strong></span> <span class='ocrx_word' id='word_1_117' title='bbox 673 1832 708 1891; x_wconf 91' lang='lat' dir='ltr'><strong>in</strong></span> <span class='ocrx_word' id='word_1_118' title='bbox 723 1828 831 1890; x_wconf 82' lang='lat' dir='ltr'><strong>fronte</strong></span> <span class='ocrx_word' id='word_1_119' title='bbox 840 1828 1023 1893; x_wconf 85' lang='lat' dir='ltr'><strong>tabulatum</strong></span> <span class='ocrx_word' id='word_1_120' title='bbox 1032 1830 1209 1896; x_wconf 80' lang='lat' dir='ltr'><strong>nostrarum</strong></span> <span class='ocrx_word' id='word_1_121' title='bbox 1220 1834 1336 1919; x_wconf 81' lang='lat' dir='ltr'><strong>specie·</strong></span> 
     </span>
     <span class='ocr_line' id='line_1_16' title="bbox 58 1932 1348 2019; baseline 0.009 -24"><span class='ocrx_word' id='word_1_122' title='bbox 58 1935 143 1996; x_wconf 90' lang='lat' dir='ltr'><strong>lium</strong></span> <span class='ocrx_word' id='word_1_123' title='bbox 162 1938 372 1998; x_wconf 77' lang='lat' dir='ltr'><strong>aberrationIa</strong></span> <span class='ocrx_word' id='word_1_124' title='bbox 390 1939 618 1998; x_wconf 84' lang='lat' dir='ltr'><strong>etttutationia</strong></span> <span class='ocrx_word' id='word_1_125' title='bbox 632 1935 723 2019; x_wconf 84' lang='lat' dir='ltr'><strong>prelo</strong></span> <span class='ocrx_word' id='word_1_126' title='bbox 746 1939 812 2012; x_wconf 88' lang='lat' dir='ltr'><strong>jam</strong></span> <span class='ocrx_word' id='word_1_127' title='bbox 831 1932 979 2009; x_wconf 85' lang='lat' dir='ltr'><strong>excusae,</strong></span> <span class='ocrx_word' id='word_1_128' title='bbox 1010 1951 1042 1998; x_wconf 87' lang='lat' dir='ltr'><strong>et</strong></span> <span class='ocrx_word' id='word_1_129' title='bbox 1060 1955 1078 1998; x_wconf 89' lang='lat' dir='ltr'><strong>a</strong></span> <span class='ocrx_word' id='word_1_130' title='bbox 1102 1935 1152 2000; x_wconf 85' lang='lat' dir='ltr'><strong>ct.</strong></span> <span class='ocrx_word' id='word_1_131' title='bbox 1175 1940 1250 2001; x_wconf 86' lang='lat' dir='ltr'><strong>DE</strong></span> <span class='ocrx_word' id='word_1_132' title='bbox 1271 1944 1335 2005; x_wconf 90' lang='lat' dir='ltr'><strong>LA</strong></span> <span class='ocrx_word' id='word_1_133' title='bbox 1345 1956 1348 1961; x_wconf 88' lang='lat'>&#39;</span> 
     </span>
     <span class='ocr_line' id='line_1_17' title="bbox 58 2036 1334 2134; baseline 0.003 -32"><span class='ocrx_word' id='word_1_134' title='bbox 58 2042 235 2103; x_wconf 81' lang='lat' dir='ltr'><em>LANDE</em></span> <span class='ocrx_word' id='word_1_135' title='bbox 256 2044 291 2102; x_wconf 93' lang='lat' dir='ltr'><strong>in</strong></span> <span class='ocrx_word' id='word_1_136' title='bbox 312 2045 487 2123; x_wconf 79' lang='lat' dir='ltr'><strong>Epiremer.</strong></span> <span class='ocrx_word' id='word_1_137' title='bbox 505 2042 679 2134; x_wconf 73' lang='lat' dir='ltr'><strong>‹fironom</strong></span> <span class='ocrx_word' id='word_1_138' title='bbox 695 2036 856 2127; x_wconf 80' lang='lat' dir='ltr'><strong>Patifint‘s</strong></span> <span class='ocrx_word' id='word_1_139' title='bbox 874 2038 914 2100; x_wconf 88' lang='lat' dir='ltr'><strong>ad</strong></span> <span class='ocrx_word' id='word_1_140' title='bbox 937 2059 1062 2101; x_wconf 88' lang='lat' dir='ltr'><strong>annum</strong></span> <span class='ocrx_word' id='word_1_141' title='bbox 1083 2043 1156 2104; x_wconf 84' lang='lat' dir='ltr'><strong>vill</strong></span> <span class='ocrx_word' id='word_1_142' title='bbox 1181 2063 1254 2128; x_wconf 85' lang='lat' dir='ltr'><strong>pag.</strong></span> <span class='ocrx_word' id='word_1_143' title='bbox 1273 2052 1334 2129; x_wconf 80' lang='lat'><strong>396</strong></span> 
     </span>
     <span class='ocr_line' id='line_1_18' title="bbox 58 2142 1331 2220; baseline 0.008 -15"><span class='ocrx_word' id='word_1_144' title='bbox 58 2144 169 2207; x_wconf 85' lang='lat' dir='ltr'><strong>denuo</strong></span> <span class='ocrx_word' id='word_1_145' title='bbox 184 2145 313 2208; x_wconf 89' lang='lat' dir='ltr'><strong>reculae</strong></span> <span class='ocrx_word' id='word_1_146' title='bbox 322 2147 437 2209; x_wconf 88' lang='lat' dir='ltr'><strong>ellent:</strong></span> <span class='ocrx_word' id='word_1_147' title='bbox 461 2149 700 2209; x_wconf 80' lang='lat' dir='ltr'><strong>correctionem</strong></span> <span class='ocrx_word' id='word_1_148' title='bbox 714 2145 816 2216; x_wconf 91' lang='lat' dir='ltr'><strong>banc,</strong></span> <span class='ocrx_word' id='word_1_149' title='bbox 831 2142 933 2204; x_wconf 88' lang='lat' dir='ltr'><strong>modo</strong></span> <span class='ocrx_word' id='word_1_150' title='bbox 948 2144 1144 2220; x_wconf 88' lang='lat' dir='ltr'><strong>indicatam,</strong></span> <span class='ocrx_word' id='word_1_151' title='bbox 1160 2154 1331 2216; x_wconf 88' lang='lat' dir='ltr'><strong>continere</strong></span> 
     </span>
     <span class='ocr_line' id='line_1_19' title="bbox 56 2249 1330 2337; baseline 0.007 -26"><span class='ocrx_word' id='word_1_152' title='bbox 56 2250 147 2311; x_wconf 86' lang='lat' dir='ltr'><strong>haud</strong></span> <span class='ocrx_word' id='word_1_153' title='bbox 161 2263 354 2332; x_wconf 86' lang='lat' dir='ltr'><strong>potuerunt.</strong></span> <span class='ocrx_word' id='word_1_154' title='bbox 395 2250 586 2310; x_wconf 89' lang='lat' dir='ltr'><strong>Mirandum</strong></span> <span class='ocrx_word' id='word_1_155' title='bbox 604 2253 714 2333; x_wconf 85' lang='lat' dir='ltr'><strong>itaque</strong></span> <span class='ocrx_word' id='word_1_156' title='bbox 727 2267 796 2311; x_wconf 88' lang='lat' dir='ltr'><strong>non</strong></span> <span class='ocrx_word' id='word_1_157' title='bbox 809 2252 888 2322; x_wconf 86' lang='lat' dir='ltr'><strong>erit,</strong></span> <span class='ocrx_word' id='word_1_158' title='bbox 910 2249 1039 2312; x_wconf 85' lang='lat' dir='ltr'><strong>eaedem</strong></span> <span class='ocrx_word' id='word_1_159' title='bbox 1060 2252 1257 2337; x_wconf 85' lang='lat' dir='ltr'><strong>apraelenti</strong></span> <span class='ocrx_word' id='word_1_160' title='bbox 1280 2276 1330 2321; x_wconf 88' lang='lat' dir='ltr'><strong>ca·</strong></span> 
     </span>
     <span class='ocr_line' id='line_1_20' title="bbox 18 2352 1329 2440; baseline 0.008 -27"><span class='ocrx_word' id='word_1_161' title='bbox 18 2376 23 2387; x_wconf 94' lang='lat'><em>·</em></span> <span class='ocrx_word' id='word_1_162' title='bbox 56 2356 170 2434; x_wconf 80' lang='lat' dir='ltr'><strong>talogo</strong></span> <span class='ocrx_word' id='word_1_163' title='bbox 187 2352 313 2414; x_wconf 76' lang='lat' dir='ltr'><strong>traditis</strong></span> <span class='ocrx_word' id='word_1_164' title='bbox 334 2355 394 2416; x_wconf 81' lang='lat' dir='ltr'><strong>bac</strong></span> <span class='ocrx_word' id='word_1_165' title='bbox 410 2354 592 2438; x_wconf 86' lang='lat' dir='ltr'><strong>quantitate</strong></span> <span class='ocrx_word' id='word_1_166' title='bbox 607 2352 794 2436; x_wconf 77' lang='lat' dir='ltr'><strong>discrepare.</strong></span> <span class='ocrx_word' id='word_1_167' title='bbox 831 2352 920 2415; x_wconf 88' lang='lat' dir='ltr'><strong>Cum</strong></span> <span class='ocrx_word' id='word_1_168' title='bbox 935 2373 1032 2437; x_wconf 89' lang='lat' dir='ltr'><strong>porro</strong></span> <span class='ocrx_word' id='word_1_169' title='bbox 1051 2354 1329 2440; x_wconf 85' lang='lat' dir='ltr'><strong>lpeculaErnelli-</strong></span> 
     </span>
     <span class='ocr_line' id='line_1_21' title="bbox 55 2457 1329 2551; baseline 0.009 -33"><span class='ocrx_word' id='word_1_170' title='bbox 55 2476 99 2518; x_wconf 89' lang='lat' dir='ltr'><strong>na</strong></span> <span class='ocrx_word' id='word_1_171' title='bbox 115 2457 336 2539; x_wconf 82' lang='lat' dir='ltr'><strong>Scebergensre</strong></span> <span class='ocrx_word' id='word_1_172' title='bbox 350 2477 411 2520; x_wconf 89' lang='lat' dir='ltr'><strong>uec</strong></span> <span class='ocrx_word' id='word_1_173' title='bbox 428 2457 607 2542; x_wconf 85' lang='lat' dir='ltr'><strong>quadrante</strong></span> <span class='ocrx_word' id='word_1_174' title='bbox 622 2459 757 2529; x_wconf 88' lang='lat' dir='ltr'><strong>murali,</strong></span> <span class='ocrx_word' id='word_1_175' title='bbox 778 2478 840 2521; x_wconf 90' lang='lat' dir='ltr'><strong>uec</strong></span> <span class='ocrx_word' id='word_1_176' title='bbox 855 2458 974 2521; x_wconf 91' lang='lat' dir='ltr'><strong>lectore</strong></span> <span class='ocrx_word' id='word_1_177' title='bbox 988 2462 1165 2534; x_wconf 86' lang='lat' dir='ltr'><strong>zenitbali,</strong></span> <span class='ocrx_word' id='word_1_178' title='bbox 1193 2483 1255 2527; x_wconf 89' lang='lat' dir='ltr'><strong>nec</strong></span> <span class='ocrx_word' id='word_1_179' title='bbox 1269 2469 1329 2551; x_wconf 53' lang='lat' dir='ltr'><strong>cir-⁸</strong></span> 
     </span>
     <span class='ocr_line' id='line_1_22' title="bbox 55 2562 1328 2649; baseline 0.005 -24"><span class='ocrx_word' id='word_1_180' title='bbox 55 2563 133 2625; x_wconf 93' lang='lat' dir='ltr'><strong>culo</strong></span> <span class='ocrx_word' id='word_1_181' title='bbox 149 2563 348 2634; x_wconf 86' lang='lat' dir='ltr'><strong>meridiano,</strong></span> <span class='ocrx_word' id='word_1_182' title='bbox 369 2562 422 2625; x_wconf 84' lang='lat' dir='ltr'><strong>vel</strong></span> <span class='ocrx_word' id='word_1_183' title='bbox 436 2564 535 2641; x_wconf 87' lang='lat' dir='ltr'><strong>hujua</strong></span> <span class='ocrx_word' id='word_1_184' title='bbox 551 2565 678 2646; x_wconf 75' lang='lat' dir='ltr'><strong>generis</strong></span> <span class='ocrx_word' id='word_1_185' title='bbox 692 2562 914 2625; x_wconf 85' lang='lat' dir='ltr'><strong>instrumentia</strong></span> <span class='ocrx_word' id='word_1_186' title='bbox 939 2564 1052 2649; x_wconf 78' lang='lat' dir='ltr'><strong>magni</strong></span> <span class='ocrx_word' id='word_1_187' title='bbox 1071 2565 1152 2628; x_wconf 87' lang='lat' dir='ltr'><strong>radii</strong></span> <span class='ocrx_word' id='word_1_188' title='bbox 1173 2568 1328 2636; x_wconf 75' lang='lat' dir='ltr'><strong>instructa</strong></span> 
     </span>
     <span class='ocr_line' id='line_1_23' title="bbox 55 2662 1327 2755; baseline 0.006 -26"><span class='ocrx_word' id='word_1_189' title='bbox 55 2667 151 2738; x_wconf 87' lang='lat' dir='ltr'><strong>ellet,</strong></span> <span class='ocrx_word' id='word_1_190' title='bbox 174 2667 295 2752; x_wconf 82' lang='lat' dir='ltr'><strong>quibua</strong></span> <span class='ocrx_word' id='word_1_191' title='bbox 310 2662 449 2729; x_wconf 80' lang='lat' dir='ltr'><strong>lixarum</strong></span> <span class='ocrx_word' id='word_1_192' title='bbox 465 2665 699 2732; x_wconf 75' lang='lat' dir='ltr'><strong>declinationes</strong></span> <span class='ocrx_word' id='word_1_193' title='bbox 712 2669 826 2731; x_wconf 86' lang='lat' dir='ltr'><strong>eadem</strong></span> <span class='ocrx_word' id='word_1_194' title='bbox 844 2671 1074 2741; x_wconf 77' lang='lat' dir='ltr'><strong>accuratione,</strong></span> <span class='ocrx_word' id='word_1_195' title='bbox 1096 2689 1160 2755; x_wconf 87' lang='lat' dir='ltr'><strong>qua</strong></span> <span class='ocrx_word' id='word_1_196' title='bbox 1174 2672 1327 2736; x_wconf 85' lang='lat' dir='ltr'><strong>aleeulio·</strong></span> 
     </span>
     <span class='ocr_line' id='line_1_24' title="bbox 55 2772 1325 2845; baseline 0.006 -9"><span class='ocrx_word' id='word_1_197' title='bbox 55 2795 114 2836; x_wconf 82' lang='lat' dir='ltr'><strong>nea</strong></span> <span class='ocrx_word' id='word_1_198' title='bbox 132 2788 234 2835; x_wconf 83' lang='lat' dir='ltr'><strong>rectae</strong></span> <span class='ocrx_word' id='word_1_199' title='bbox 252 2772 484 2845; x_wconf 85' lang='lat' dir='ltr'><strong>determinare,</strong></span> <span class='ocrx_word' id='word_1_200' title='bbox 516 2788 549 2835; x_wconf 90' lang='lat' dir='ltr'><strong>et</strong></span> <span class='ocrx_word' id='word_1_201' title='bbox 571 2774 711 2837; x_wconf 88' lang='lat' dir='ltr'><strong>aliorum</strong></span> <span class='ocrx_word' id='word_1_202' title='bbox 732 2773 990 2837; x_wconf 85' lang='lat' dir='ltr'><strong>astronomorum</strong></span> <span class='ocrx_word' id='word_1_203' title='bbox 1013 2789 1150 2838; x_wconf 82' lang='lat' dir='ltr'><strong>conatae</strong></span> <span class='ocrx_word' id='word_1_204' title='bbox 1171 2781 1325 2843; x_wconf 79' lang='lat' dir='ltr'><strong>aemulari</strong></span> 
     </span>
     <span class='ocr_line' id='line_1_25' title="bbox 55 2876 1324 2965; baseline 0.006 -26"><span class='ocrx_word' id='word_1_205' title='bbox 55 2879 212 2950; x_wconf 88' lang='lat' dir='ltr'><strong>licuillet,</strong></span> <span class='ocrx_word' id='word_1_206' title='bbox 234 2876 462 2939; x_wconf 79' lang='lat' dir='ltr'><strong>abstinendum</strong></span> <span class='ocrx_word' id='word_1_207' title='bbox 476 2879 589 2960; x_wconf 85' lang='lat' dir='ltr'><strong>potine</strong></span> <span class='ocrx_word' id='word_1_208' title='bbox 605 2881 644 2942; x_wconf 88' lang='lat' dir='ltr'><strong>ab</strong></span> <span class='ocrx_word' id='word_1_209' title='bbox 661 2883 725 2943; x_wconf 92' lang='lat' dir='ltr'><strong>hoc</strong></span> <span class='ocrx_word' id='word_1_210' title='bbox 740 2881 873 2961; x_wconf 84' lang='lat' dir='ltr'><strong>incepto</strong></span> <span class='ocrx_word' id='word_1_211' title='bbox 892 2878 1047 2941; x_wconf 81' lang='lat' dir='ltr'><strong>duximua</strong></span> <span class='ocrx_word' id='word_1_212' title='bbox 1064 2921 1074 2951; x_wconf 91' lang='lat'><strong>,</strong></span> <span class='ocrx_word' id='word_1_213' title='bbox 1104 2900 1202 2965; x_wconf 85' lang='lat' dir='ltr'><strong>qnam</strong></span> <span class='ocrx_word' id='word_1_214' title='bbox 1216 2885 1324 2946; x_wconf 90' lang='lat' dir='ltr'><strong>mino·</strong></span> 
     </span>
     <span class='ocr_line' id='line_1_26' title="bbox 55 2982 1324 3067; baseline 0.003 -21"><span class='ocrx_word' id='word_1_215' title='bbox 55 2984 304 3046; x_wconf 88' lang='lat' dir='ltr'><strong>rumradiorum</strong></span> <span class='ocrx_word' id='word_1_216' title='bbox 313 2983 441 3065; x_wconf 84' lang='lat' dir='ltr'><strong>organia</strong></span> <span class='ocrx_word' id='word_1_217' title='bbox 450 2982 632 3067; x_wconf 87' lang='lat' dir='ltr'><strong>quidquam</strong></span> <span class='ocrx_word' id='word_1_218' title='bbox 643 2998 766 3046; x_wconf 88' lang='lat' dir='ltr'><strong>tentare</strong></span> <span class='ocrx_word' id='word_1_219' title='bbox 775 2983 934 3065; x_wconf 81' lang='lat' dir='ltr'><strong>improbe.</strong></span> <span class='ocrx_word' id='word_1_220' title='bbox 974 2983 1324 3059; x_wconf 85' lang='lat' dir='ltr'><strong>lamconllabatmibi,</strong></span> 
     </span>
     <span class='ocr_line' id='line_1_27' title="bbox 56 3086 1323 3172; baseline 0.005 -22"><span class='ocrx_word' id='word_1_221' title='bbox 56 3088 245 3151; x_wconf 82' lang='lat' dir='ltr'><strong>clarillrntoa</strong></span> <span class='ocrx_word' id='word_1_222' title='bbox 263 3090 360 3158; x_wconf 86' lang='lat' dir='ltr'><strong>viroa,</strong></span> <span class='ocrx_word' id='word_1_223' title='bbox 379 3089 550 3149; x_wconf 81' lang='lat' dir='ltr'><strong>BARIil&#39;</strong></span> <span class='ocrx_word' id='word_1_224' title='bbox 565 3101 597 3149; x_wconf 90' lang='lat' dir='ltr'><strong>et</strong></span> <span class='ocrx_word' id='word_1_225' title='bbox 609 3090 790 3151; x_wconf 73' lang='lat' dir='ltr'><em>HENIU&#39;</em></span> <span class='ocrx_word' id='word_1_226' title='bbox 789 3132 800 3161; x_wconf 91' lang='lat'><strong>,</strong></span> <span class='ocrx_word' id='word_1_227' title='bbox 810 3090 844 3149; x_wconf 91' lang='lat' dir='ltr'><strong>in</strong></span> <span class='ocrx_word' id='word_1_228' title='bbox 861 3086 986 3172; x_wconf 84' lang='lat' dir='ltr'><strong>lpecula</strong></span> <span class='ocrx_word' id='word_1_229' title='bbox 995 3087 1158 3151; x_wconf 86' lang='lat' dir='ltr'><strong>electorali</strong></span> <span class='ocrx_word' id='word_1_230' title='bbox 1165 3090 1323 3156; x_wconf 86' lang='lat' dir='ltr'><strong>Mannbe·</strong></span> 
     </span>
     <span class='ocr_line' id='line_1_28' title="bbox 52 3190 1321 3282; baseline 0.001 -25"><span class='ocrx_word' id='word_1_231' title='bbox 52 3194 168 3257; x_wconf 80' lang='lat' dir='ltr'><strong>miensr</strong></span> <span class='ocrx_word' id='word_1_232' title='bbox 204 3190 410 3254; x_wconf 74' lang='lat' dir='ltr'><strong>observandis</strong></span> <span class='ocrx_word' id='word_1_233' title='bbox 439 3190 714 3253; x_wconf 76' lang='lat' dir='ltr'><strong>declinationibus</strong></span> <span class='ocrx_word' id='word_1_234' title='bbox 735 3191 874 3256; x_wconf 80' lang='lat' dir='ltr'><strong>lixarum</strong></span> <span class='ocrx_word' id='word_1_235' title='bbox 899 3192 1141 3266; x_wconf 81' lang='lat' dir='ltr'><strong>zodiacalium,</strong></span> <span class='ocrx_word' id='word_1_236' title='bbox 1174 3197 1321 3282; x_wconf 79' lang='lat' dir='ltr'><strong>catalogo</strong></span> 
     </span>
     <span class='ocr_line' id='line_1_29' title="bbox 50 3296 1323 3385; baseline 0.001 -23"><span class='ocrx_word' id='word_1_237' title='bbox 50 3298 238 3362; x_wconf 87' lang='lat' dir='ltr'><strong>ltritannieo</strong></span> <span class='ocrx_word' id='word_1_238' title='bbox 268 3297 612 3359; x_wconf 83' lang='lat' dir='ltr'><em>FLAMSTEEDII</em></span> <span class='ocrx_word' id='word_1_239' title='bbox 626 3299 867 3368; x_wconf 86' lang='lat' dir='ltr'><strong>exhibitarum,</strong></span> <span class='ocrx_word' id='word_1_240' title='bbox 897 3296 1054 3360; x_wconf 76' lang='lat' dir='ltr'><strong>summam</strong></span> <span class='ocrx_word' id='word_1_241' title='bbox 1075 3298 1149 3361; x_wconf 82' lang='lat' dir='ltr'><strong>date</strong></span> <span class='ocrx_word' id='word_1_242' title='bbox 1172 3319 1323 3385; x_wconf 86' lang='lat' dir='ltr'><strong>operam,</strong></span> 
     </span>
     <span class='ocr_line' id='line_1_30' title="bbox 52 3398 1323 3488; baseline 0.002 -22"><span class='ocrx_word' id='word_1_243' title='bbox 52 3422 193 3487; x_wconf 86' lang='lat' dir='ltr'><strong>eamque</strong></span> <span class='ocrx_word' id='word_1_244' title='bbox 207 3400 407 3463; x_wconf 74' lang='lat' dir='ltr'><strong>callidissime</strong></span> <span class='ocrx_word' id='word_1_245' title='bbox 428 3398 559 3484; x_wconf 80' lang='lat' dir='ltr'><strong>perlici,</strong></span> <span class='ocrx_word' id='word_1_246' title='bbox 581 3420 658 3462; x_wconf 89' lang='lat' dir='ltr'><strong>cum</strong></span> <span class='ocrx_word' id='word_1_247' title='bbox 682 3399 807 3483; x_wconf 83' lang='lat' dir='ltr'><strong>specula</strong></span> <span class='ocrx_word' id='word_1_248' title='bbox 830 3402 927 3474; x_wconf 91' lang='lat' dir='ltr'><strong>haec,</strong></span> <span class='ocrx_word' id='word_1_249' title='bbox 949 3402 1127 3488; x_wconf 88' lang='lat' dir='ltr'><strong>quadrante</strong></span> <span class='ocrx_word' id='word_1_250' title='bbox 1139 3407 1257 3468; x_wconf 88' lang='lat' dir='ltr'><strong>murali</strong></span> <span class='ocrx_word' id='word_1_251' title='bbox 1273 3410 1323 3469; x_wconf 90' lang='lat' dir='ltr'><strong>in·</strong></span> 
     </span>
     <span class='ocr_line' id='line_1_31' title="bbox 52 3503 1323 3593; baseline 0.003 -22"><span class='ocrx_word' id='word_1_252' title='bbox 52 3510 184 3593; x_wconf 84' lang='lat' dir='ltr'><strong>ligniori</strong></span> <span class='ocrx_word' id='word_1_253' title='bbox 206 3508 428 3570; x_wconf 83' lang='lat' dir='ltr'><em>BIRDIAN</em></span> <span class='ocrx_word' id='word_1_254' title='bbox 432 3508 463 3571; x_wconf 92' lang='lat'><em>0</em></span> <span class='ocrx_word' id='word_1_255' title='bbox 479 3519 554 3568; x_wconf 84' lang='lat' dir='ltr'><strong>octo</strong></span> <span class='ocrx_word' id='word_1_256' title='bbox 569 3505 691 3589; x_wconf 89' lang='lat' dir='ltr'><strong>pedum</strong></span> <span class='ocrx_word' id='word_1_257' title='bbox 719 3519 751 3567; x_wconf 89' lang='lat' dir='ltr'><strong>et</strong></span> <span class='ocrx_word' id='word_1_258' title='bbox 773 3503 893 3568; x_wconf 86' lang='lat' dir='ltr'><strong>lectore</strong></span> <span class='ocrx_word' id='word_1_259' title='bbox 910 3508 1063 3569; x_wconf 82' lang='lat' dir='ltr'><strong>zenitbali</strong></span> <span class='ocrx_word' id='word_1_260' title='bbox 1082 3510 1183 3572; x_wconf 85' lang='lat' dir='ltr'><em>SISS</em></span> <span class='ocrx_word' id='word_1_261' title='bbox 1191 3511 1323 3575; x_wconf 85' lang='lat' dir='ltr'><em>ONIA·</em></span> 
     </span>
     <span class='ocr_line' id='line_1_32' title="bbox 49 3608 1322 3697; baseline 0.002 -18"><span class='ocrx_word' id='word_1_262' title='bbox 49 3616 131 3679; x_wconf 83' lang='lat' dir='ltr'><strong>No</strong></span> <span class='ocrx_word' id='word_1_263' title='bbox 150 3634 270 3676; x_wconf 84' lang='lat' dir='ltr'><strong>novem</strong></span> <span class='ocrx_word' id='word_1_264' title='bbox 291 3611 415 3697; x_wconf 88' lang='lat' dir='ltr'><strong>pedum</strong></span> <span class='ocrx_word' id='word_1_265' title='bbox 449 3612 577 3672; x_wconf 90' lang='lat' dir='ltr'><strong>munita</strong></span> <span class='ocrx_word' id='word_1_266' title='bbox 601 3609 648 3671; x_wconf 84' lang='lat' dir='ltr'><strong>fit.</strong></span> <span class='ocrx_word' id='word_1_267' title='bbox 711 3609 873 3693; x_wconf 86' lang='lat' dir='ltr'><strong>Quocirca</strong></span> <span class='ocrx_word' id='word_1_268' title='bbox 894 3608 1128 3676; x_wconf 78' lang='lat' dir='ltr'><strong>declinatione·</strong></span> <span class='ocrx_word' id='word_1_269' title='bbox 1151 3615 1208 3676; x_wconf 81' lang='lat' dir='ltr'><strong>has</strong></span> <span class='ocrx_word' id='word_1_270' title='bbox 1242 3634 1322 3681; x_wconf 84' lang='lat' dir='ltr'><strong>cum</strong></span> 
     </span>
     <span class='ocr_line' id='line_1_33' title="bbox 50 3716 1321 3799; baseline 0.001 -17"><span class='ocrx_word' id='word_1_271' title='bbox 50 3717 293 3783; x_wconf 83' lang='lat' dir='ltr'><strong>alcenlionibua</strong></span> <span class='ocrx_word' id='word_1_272' title='bbox 307 3721 402 3780; x_wconf 87' lang='lat' dir='ltr'><strong>rectia</strong></span> <span class='ocrx_word' id='word_1_273' title='bbox 418 3717 531 3779; x_wconf 82' lang='lat' dir='ltr'><strong>nollria</strong></span> <span class='ocrx_word' id='word_1_274' title='bbox 545 3718 901 3798; x_wconf 80' lang='lat' dir='ltr'><strong>jungereanimuaetat.</strong></span> <span class='ocrx_word' id='word_1_275' title='bbox 944 3716 1126 3799; x_wconf 82' lang='lat' dir='ltr'><strong>erodcum</strong></span> <span class='ocrx_word' id='word_1_276' title='bbox 1145 3716 1195 3781; x_wconf 87' lang='lat' dir='ltr'><strong>ct.</strong></span> <span class='ocrx_word' id='word_1_277' title='bbox 1211 3720 1321 3783; x_wconf 76' lang='lat' dir='ltr'><em>BAR-</em></span> 
     </span>
     <span class='ocr_line' id='line_1_34' title="bbox 49 3821 1323 3906; baseline 0 -17"><span class='ocrx_word' id='word_1_278' title='bbox 49 3825 125 3889; x_wconf 71' lang='grc' dir='ltr'><strong>ΗΥ</strong></span> <span class='ocrx_word' id='word_1_279' title='bbox 139 3823 388 3906; x_wconf 79' lang='lat' dir='ltr'><strong>proposuillem:</strong></span> <span class='ocrx_word' id='word_1_280' title='bbox 424 3822 669 3906; x_wconf 85' lang='lat' dir='ltr'><strong>perhumaniter</strong></span> <span class='ocrx_word' id='word_1_281' title='bbox 688 3823 815 3904; x_wconf 85' lang='lat' dir='ltr'><strong>excepit</strong></span> <span class='ocrx_word' id='word_1_282' title='bbox 837 3821 1063 3884; x_wconf 88' lang='lat' dir='ltr'><strong>conditionem</strong></span> <span class='ocrx_word' id='word_1_283' title='bbox 1087 3823 1245 3896; x_wconf 82' lang='lat' dir='ltr'><strong>oblatam,</strong></span> <span class='ocrx_word' id='word_1_284' title='bbox 1268 3845 1323 3889; x_wconf 90' lang='lat' dir='ltr'><strong>co·</strong></span> 
     </span>
     <span class='ocr_line' id='line_1_35' title="bbox 46 3925 1321 4013; baseline 0.002 -20"><span class='ocrx_word' id='word_1_285' title='bbox 46 3932 213 4013; x_wconf 85' lang='lat' dir='ltr'><strong>aniterque</strong></span> <span class='ocrx_word' id='word_1_286' title='bbox 240 3949 277 3991; x_wconf 85' lang='lat' dir='ltr'><strong>ac</strong></span> <span class='ocrx_word' id='word_1_287' title='bbox 305 3930 445 4013; x_wconf 81' lang='lat' dir='ltr'><strong>benigne</strong></span> <span class='ocrx_word' id='word_1_288' title='bbox 474 3926 707 3989; x_wconf 72' lang='lat' dir='ltr'><strong>declinationes</strong></span> <span class='ocrx_word' id='word_1_289' title='bbox 731 3925 801 3989; x_wconf 83' lang='lat' dir='ltr'><strong>luae</strong></span> <span class='ocrx_word' id='word_1_290' title='bbox 835 3927 1010 3989; x_wconf 77' lang='lat' dir='ltr'><strong>nobiscum</strong></span> <span class='ocrx_word' id='word_1_291' title='bbox 1044 3934 1321 4007; x_wconf 83' lang='lat' dir='ltr'><strong>communicavit,</strong></span> 
     </span>
     <span class='ocr_line' id='line_1_36' title="bbox 47 4030 990 4121; baseline -0.002 -24"><span class='ocrx_word' id='word_1_292' title='bbox 47 4053 131 4121; x_wconf 76' lang='lat' dir='ltr'><strong>qum</strong></span> <span class='ocrx_word' id='word_1_293' title='bbox 152 4053 229 4093; x_wconf 92' lang='lat' dir='ltr'><strong>cum</strong></span> <span class='ocrx_word' id='word_1_294' title='bbox 250 4032 495 4109; x_wconf 70' lang='lat' dir='ltr'><strong>ascensionibus!</strong></span> <span class='ocrx_word' id='word_1_295' title='bbox 514 4032 608 4094; x_wconf 83' lang='lat' dir='ltr'><strong>rectia</strong></span> <span class='ocrx_word' id='word_1_296' title='bbox 631 4032 746 4095; x_wconf 81' lang='lat' dir='ltr'><strong>nollria</strong></span> <span class='ocrx_word' id='word_1_297' title='bbox 767 4033 823 4095; x_wconf 89' lang='lat' dir='ltr'><strong>bic</strong></span> <span class='ocrx_word' id='word_1_298' title='bbox 843 4030 990 4095; x_wconf 82' lang='lat' dir='ltr'><strong>listimue.</strong></span> 
     </span>
    </p>

    <p class='ocr_par' dir='ltr' id='par_1_5' title="bbox 10 4136 1319 4644">
     <span class='ocr_line' id='line_1_37' title="bbox 128 4136 1319 4213; baseline 0.003 -14"><span class='ocrx_word' id='word_1_299' title='bbox 128 4138 337 4200; x_wconf 83' lang='lat' dir='ltr'><strong>Monenduna</strong></span> <span class='ocrx_word' id='word_1_300' title='bbox 350 4138 457 4209; x_wconf 79' lang='lat' dir='ltr'><strong>restat,</strong></span> <span class='ocrx_word' id='word_1_301' title='bbox 472 4136 765 4211; x_wconf 83' lang='lat' dir='ltr'><strong>clatilsrmoaviroa,</strong></span> <span class='ocrx_word' id='word_1_302' title='bbox 777 4137 950 4200; x_wconf 79' lang='lat' dir='ltr'><strong><em>BARRY</em></strong></span> <span class='ocrx_word' id='word_1_303' title='bbox 962 4150 995 4199; x_wconf 86' lang='lat' dir='ltr'><strong>et</strong></span> <span class='ocrx_word' id='word_1_304' title='bbox 1016 4137 1208 4213; x_wconf 80' lang='lat' dir='ltr'><strong>HENRY,</strong></span> <span class='ocrx_word' id='word_1_305' title='bbox 1222 4141 1256 4203; x_wconf 86' lang='lat' dir='ltr'><strong>in</strong></span> <span class='ocrx_word' id='word_1_306' title='bbox 1273 4159 1319 4203; x_wconf 84' lang='lat' dir='ltr'><strong>re·</strong></span> 
     </span>
     <span class='ocr_line' id='line_1_38' title="bbox 47 4239 1317 4325; baseline -0.002 -17"><span class='ocrx_word' id='word_1_307' title='bbox 47 4244 211 4308; x_wconf 79' lang='lat' dir='ltr'><strong>ducendis</strong></span> <span class='ocrx_word' id='word_1_308' title='bbox 247 4244 311 4307; x_wconf 87' lang='lat' dir='ltr'><strong>luia</strong></span> <span class='ocrx_word' id='word_1_309' title='bbox 341 4244 620 4306; x_wconf 75' lang='lat' dir='ltr'><strong>obseruationibus</strong></span> <span class='ocrx_word' id='word_1_310' title='bbox 657 4240 833 4304; x_wconf 87' lang='lat' dir='ltr'><strong>latitudine</strong></span> <span class='ocrx_word' id='word_1_311' title='bbox 860 4239 1004 4325; x_wconf 75' lang='lat' dir='ltr'><strong>speculae</strong></span> <span class='ocrx_word' id='word_1_312' title='bbox 1039 4243 1317 4307; x_wconf 82' lang='lat' dir='ltr'><strong>Mannhemienlit</strong></span> 
     </span>
     <span class='ocr_line' id='line_1_39' title="bbox 10 4347 1317 4433; baseline -0.002 -19"><span class='ocrx_word' id='word_1_313' title='bbox 10 4348 14 4355; x_wconf 84' lang='lat'>&#39;</span> <span class='ocrx_word' id='word_1_314' title='bbox 47 4352 106 4433; x_wconf 81' lang='lat'><strong>49⁶</strong></span> <span class='ocrx_word' id='word_1_315' title='bbox 133 4354 183 4431; x_wconf 84' lang='lat'><strong>29¹</strong></span> <span class='ocrx_word' id='word_1_316' title='bbox 215 4349 288 4425; x_wconf 71' lang='grc' dir='ltr'><strong>η’,</strong></span> <span class='ocrx_word' id='word_1_317' title='bbox 329 4361 362 4410; x_wconf 89' lang='lat' dir='ltr'><strong>et</strong></span> <span class='ocrx_word' id='word_1_318' title='bbox 405 4348 598 4412; x_wconf 79' lang='lat' dir='ltr'><strong>refractione</strong></span> <span class='ocrx_word' id='word_1_319' title='bbox 633 4347 823 4427; x_wconf 86' lang='lat' dir='ltr'><strong>Bradlejana</strong></span> <span class='ocrx_word' id='word_1_320' title='bbox 868 4367 907 4411; x_wconf 87' lang='lat' dir='ltr'><strong>ex</strong></span> <span class='ocrx_word' id='word_1_321' title='bbox 941 4348 1060 4411; x_wconf 88' lang='lat' dir='ltr'><strong>tabulia</strong></span> <span class='ocrx_word' id='word_1_322' title='bbox 1094 4348 1317 4411; x_wconf 80' lang='lat' dir='ltr'><strong>astronomicie</strong></span> 
     </span>
     <span class='ocr_line' id='line_1_40' title="bbox 43 4451 1317 4536; baseline -0.008 -15"><span class='ocrx_word' id='word_1_323' title='bbox 43 4456 96 4521; x_wconf 86' lang='lat' dir='ltr'><strong>et.</strong></span> <span class='ocrx_word' id='word_1_324' title='bbox 118 4456 193 4519; x_wconf 85' lang='lat' dir='ltr'><strong>DE</strong></span> <span class='ocrx_word' id='word_1_325' title='bbox 212 4456 274 4518; x_wconf 84' lang='lat' dir='ltr'><strong>LA</strong></span> <span class='ocrx_word' id='word_1_326' title='bbox 294 4453 470 4517; x_wconf 83' lang='lat' dir='ltr'><em>LANDE</em></span> <span class='ocrx_word' id='word_1_327' title='bbox 490 4454 780 4536; x_wconf 85' lang='lat' dir='ltr'><strong>(editionie1792)</strong></span> <span class='ocrx_word' id='word_1_328' title='bbox 801 4452 876 4518; x_wconf 80' lang='lat' dir='ltr'><strong>ulos</strong></span> <span class='ocrx_word' id='word_1_329' title='bbox 895 4452 997 4518; x_wconf 81' lang='lat' dir='ltr'><strong>inille.</strong></span> <span class='ocrx_word' id='word_1_330' title='bbox 1045 4452 1145 4534; x_wconf 88' lang='lat' dir='ltr'><strong>Quod</strong></span> <span class='ocrx_word' id='word_1_331' title='bbox 1172 4451 1317 4513; x_wconf 86' lang='lat' dir='ltr'><strong>latitudi-</strong></span> 
     </span>
     <span class='ocr_line' id='line_1_41' title="bbox 41 4556 1312 4644; baseline 0.002 -18"><span class='ocrx_word' id='word_1_332' title='bbox 41 4580 123 4626; x_wconf 88' lang='lat' dir='ltr'><strong>nem</strong></span> <span class='ocrx_word' id='word_1_333' title='bbox 136 4561 270 4635; x_wconf 88' lang='lat' dir='ltr'><strong>attinet,</strong></span> <span class='ocrx_word' id='word_1_334' title='bbox 292 4559 465 4623; x_wconf 91' lang='lat' dir='ltr'><strong>dubitante</strong></span> <span class='ocrx_word' id='word_1_335' title='bbox 479 4560 549 4644; x_wconf 94' lang='lat' dir='ltr'><strong>iplo</strong></span> <span class='ocrx_word' id='word_1_336' title='bbox 565 4559 616 4624; x_wconf 87' lang='lat' dir='ltr'><strong>cl.</strong></span> <span class='ocrx_word' id='word_1_337' title='bbox 638 4560 809 4623; x_wconf 77' lang='lat' dir='ltr'><strong>BARRX</strong></span> <span class='ocrx_word' id='word_1_338' title='bbox 816 4564 866 4643; x_wconf 67' lang='lat' dir='ltr'><strong>tt),</strong></span> <span class='ocrx_word' id='word_1_339' title='bbox 898 4581 1039 4627; x_wconf 85' lang='lat' dir='ltr'><strong>errorem</strong></span> <span class='ocrx_word' id='word_1_340' title='bbox 1054 4557 1203 4643; x_wconf 84' lang='lat' dir='ltr'><strong>lulpieari</strong></span> <span class='ocrx_word' id='word_1_341' title='bbox 1218 4556 1312 4629; x_wconf 72' lang='lat' dir='ltr'><strong>lieet,</strong></span> 
     </span>
    </p>

    <p class='ocr_par' dir='ltr' id='par_1_6' title="bbox 736 4665 766 4727">
     <span class='ocr_line' id='line_1_42' title="bbox 736 4665 766 4727; baseline 0 0"><span class='ocrx_word' id='word_1_342' title='bbox 736 4665 766 4727; x_wconf 91' lang='lat' dir='ltr'><strong>X</strong></span> 
     </span>
    </p>
   </div>
   <div class='ocr_carea' id='block_1_5' title="bbox 0 0 1606 5168">
    <p class='ocr_par' dir='ltr' id='par_1_7' title="bbox 0 0 1606 5168">
     <span class='ocr_line' id='line_1_43' title="bbox 0 0 1606 5168; baseline 0 6"><span class='ocrx_word' id='word_1_343' title='bbox 0 0 1606 5168; x_wconf 95' lang='lat' dir='ltr'><strong> </strong></span> 
     </span>
    </p>
   </div>
  </div>
 </body>
</html>
