3202 5168
772 294 823 373 43

237 453 416 520 Praemisit
432 454 502 526 his,
523 454 623 517 venio
647 456 712 534 jam
735 453 775 517 ad
792 451 1076 538 investigationem
1100 459 1293 543 quantitatis
1315 459 1442 524 mediae

157 560 384 645 praeceilioois
412 561 720 646 aequinoctiorum,
750 560 792 624 de
812 581 876 645 qua
901 563 989 624 iuter
1008 559 1211 626 astronomos
1234 585 1303 630 non
1323 585 1442 630 conve·

158 669 231 738 nita
253 682 285 729 et
303 687 402 752 quam
417 684 580 749 exponere
596 662 610 724 l
610 681 688 746 upra
701 663 844 746 polliciti
863 663 985 727 lntnus.
1038 666 1148 749 Quam
1164 688 1241 732 vero
1256 670 1296 732 ad
1311 673 1441 736 elicien-

160 769 238 834 dam
253 771 340 835 hanc
357 773 575 857 quantitatem
592 768 746 853 ingrellus
763 769 820 830 lim
837 772 943 841 viam,
963 773 1079 854 paucis
1100 770 1278 837 olleudam.

242 875 290 940 Ad
306 874 536 938 excutiendam
551 867 779 959 praecestionis
791 876 891 953 hujus
908 877 1142 961 quantitatem.
1164 877 1340 940 astronomi
1356 898 1444 952 com·

157 981 268 1066 plures
283 981 452 1066 variasque
463 981 637 1064 periclitati
656 977 732 1041 lunt
747 980 933 1046 methodos.
974 981 1071 1053 Sunt,
1082 983 1205 1067 quibos
1221 997 1368 1046 veterum
1386 987 1442 1048 ob·

159 1084 375 1155 [errationes.
401 1083 684 1147 observationibus
707 1087 929 1146 recentiorum
952 1085 1100 1149 conferre
1124 1087 1295 1171 placuerit.
1336 1089 1442 1151 Noss

158 1191 322 1254 contrario
337 1191 453 1253 abhoc
469 1189 633 1274 indaginis
648 1187 750 1250 modo
767 1187 918 1252 consulto
929 1190 1156 1255 abstinendum
1172 1193 1345 1266 duximus,
1364 1212 1443 1257 cum

159 1295 453 1381 pleriquestdernm
461 1294 638 1379 politiones
647 1292 760 1378 priscis
769 1296 973 1377 temporibus
982 1296 1069 1380 apud
1077 1296 1273 1370 Chaldaeos.
1290 1299 1441 1374 Graecos,

157 1401 295 1473 Arabes,
318 1399 424 1464 Perias
440 1400 604 1462 exhibitae
625 1416 696 1460 non
721 1395 846 1481 [emper
861 1397 1144 1466 obscurationibus
1161 1422 1270 1467 revera
1286 1403 1442 1467 institutis

158 1507 325 1577 nitantur,
343 1503 395 1567 led
410 1524 449 1567 ex
464 1502 619 1568 confictis
632 1504 867 1588 hypothelibus
878 1503 1017 1567 lidemm
1030 1506 1102 1570 loca
1111 1507 1305 1580 exhibeant.
1322 1510 1442 1575 additia

159 1609 280 1674 scilicet
295 1608 545 1695 longitudinum
562 1605 855 1693 pumilionibus,
878 1630 958 1693 quas
974 1612 1116 1697 quisque
1130 1628 1189 1696 pro
1214 1610 1267 1675 lua
1283 1612 1442 1679 lententia

158 1714 358 1778 adhibendas
373 1726 553 1798 putaverat.
596 1712 651 1775 Sic
676 1711 855 1794 Hipparchi
881 1713 1020 1776 siderum
1041 1714 1112 1778 loca
1132 1719 1191 1794 (ut
1207 1716 1313 1801 ipsum
1333 1720 1440 1784 Ptole·

158 1840 289 1883 maeum
306 1819 410 1883 feeille
420 1817 644 1902 suspicantur)
659 1838 719 1900 pro
735 1819 881 1897 cujusvis
898 1820 1032 1882 arbitrio
1041 1834 1074 1884 et
1083 1820 1123 1884 ad
1140 1826 1274 1908 quaevis
1292 1838 1440 1912 tempora
1558 1908 1563 1915 Ι

159 1924 217 1990 iub
234 1924 342 1989 iocata
354 1937 389 1988 et
405 1923 550 1986 fimulata
571 1920 674 2007 lpecie
689 1936 911 1986 revertuntur.

238 2032 339 2102 Sunt,
355 2032 414 2115 qui
436 2027 782 2092 FLAMSYEEDII
803 2025 1085 2096 observationibus
1100 2036 1257 2113 majorem
1278 2032 1319 2097 ad
1348 2035 1441 2100 hune

159 2135 264 2197 linem
282 2137 429 2197 tribuant
444 2132 565 2205 stdem,
587 2134 747 2218 quoniam
766 2134 855 2196 tubis
878 2135 1015 2216 opticis,
1038 2139 1168 2218 organis
1189 2140 1317 2222 egregie
1332 2131 1439 2204 elabo-

156 2241 252 2311 ratis,
274 2251 307 2300 et
322 2236 488 2299 methodis
502 2237 758 2301 accuratioribus
780 2235 1094 2302 fuerint'inllitutae.
1131 2240 1193 2303 Sed
1209 2256 1242 2303 et
1259 2243 1329 2306 illas
1346 2265 1437 2309 recta·

100 2323 113 2345 '
156 2345 224 2407 tare
240 2341 517 2415 tarantarum„
541 2343 717 2426 1⁰¹⁰,quitt
740 2341 1085 2410 carnotanam
1100 2344 1295 2428 pontones.
1317 2348 1437 2436 nquit

157 2449 285 2512 lructus
300 2446 418 2508 exinde
434 2443 678 2529 capelleudum.
700 2466 739 2508 ex
754 2445 828 2530 ipsis
845 2443 1127 2513 observationibus
1138 2450 1177 2512 ab
1191 2469 1258 2513 ovo
1278 2453 1435 2520 reducen-

157 2553 365 2625 decedent,
394 2552 550 2616 adhibitis
576 2550 726 2639 undique
748 2552 884 2615 theoriis
911 2553 1044 2637 nuperis
1074 2557 1180 2639 (opus
1201 2557 1433 2644 herculeum);

158 2663 228 2732 ²⁶⁰,
249 2661 326 2745 quia
339 2659 425 2721 hanc
451 2658 678 2722 reductionem
702 2656 884 2727 instituere.
908 2657 1030 2720 etiamli
1052 2656 1210 2732 libuillet.
1231 2681 1347 2748 operae
1364 2687 1434 2752 pro·

156 2766 241 2827 tium
265 2784 334 2827 non
360 2762 491 2837 iuillet,
534 2782 611 2826 cum
642 2764 935 2847 complurima-trum
971 2761 1111 2828 fixarum
1146 2779 1259 2830 motus
1284 2773 1436 2854 proprios

156 2889 229 2933 nou
250 2867 324 2931 latis
344 2869 497 2950 cognitos
524 2882 617 2931 tanto
639 2873 796 2948 majorem
824 2887 968 2952 aequum
990 2869 1134 2932 valorem
1157 2869 1362 2934 adulterandi
1381 2876 1435 2939 ha·

156 2981 257 3042 beant
270 2973 357 3042 vim,
379 2991 446 3056 quo
454 2975 645 3036 remotiores
653 2974 739 3035 iuter
752 2973 782 3035 le
799 2971 875 3034 lunt
890 2970 1149 3061 observationes,
1169 2985 1204 3037 ‘et
1220 2993 1287 3061 quo
1301 2981 1435 3062 paucio·

155 3101 207 3146 res
223 3077 362 3140 fixarum
378 3073 598 3138 atlhibitarum
616 3075 689 3139 lunt
705 3077 853 3149 numeri.
874 3095 913 3139 ex
929 3079 1052 3162 quibua
1069 3079 1331 3163 miuusperfecta
1347 3102 1437 3149 com·

156 3183 304 3274 pensatio
329 3178 483 3265 speranda
508 3178 552 3241 est
567 3183 614 3260 ⁸).
656 3181 724 3256 3⁰⁰,
748 3181 770 3241 li
793 3179 875 3267 quid
896 3182 933 3243 in
965 3183 1202 3246 imminutione
1229 3185 1435 3274 obliquitatis

157 3291 326 3375 eclipticae
342 3285 437 3347 dubii
449 3282 604 3368 superest,
625 3284 661 3345 id
676 3298 749 3345 tum
770 3303 809 3346 eo
831 3284 905 3369 plus
932 3286 1179 3351 incertitudinis
1195 3288 1347 3369 inferret,
1366 3315 1435 3382 quo

157 3397 307 3480 longiore
330 3391 489 3474 temporis
509 3387 680 3450 intervallo
702 3389 788 3450 inter
810 3385 839 3450 le
854 3386 978 3453 dilfitae
998 3389 1075 3454 lunt
1087 3392 1340 3464 observationes.
1380 3403 1436 3466 Ar·

158 3514 314 3586 gumenta
343 3499 424 3560 haee
442 3492 640 3577 experientia
662 3491 712 3557 ct
736 3493 793 3556 Lat
823 3494 1009 3558 GENTIL
1030 3494 1158 3572 fulciri,
1179 3488 1225 3563 'ex
1239 3505 1319 3567 actis
1335 3503 1436 3571 scien·

158 3609 278 3668 tiamm
301 3600 484 3664 academiae
505 3597 662 3661 Parisrnae
683 3596 723 3659 ad
743 3617 866 3660 annum
891 3616 983 3679 1737,
1004 3620 1078 3687 pag.
1090 3620 1145 3682 545
1168 3608 1356 3690 apparebit,
1377 3613 1437 3678 ubi

156 3713 200 3776 cl.
217 3711 278 3772 viri
301 3706 458 3769 lententia
472 3703 570 3787 ipfius
589 3704 696 3768 verbis
711 3704 755 3765 ita
772 3701 802 3766 le
819 3703 934 3767 babet:

238 3815 363 3875 “Nous
383 3803 536 3899 fissirons
563 3831 598 3870 es
628 3810 779 3872 mimot‘rs
797 3831 862 3891 par
877 3810 913 3872 ta
933 3832 1101 3898 remosque
1111 3805 1290 3908 faciamte,
1324 3841 1368 3885 au
1379 3815 1436 3916 su.

156 3923 227 4010 „jet
253 3920 309 3981 ties
336 3917 448 3979 itoilet
474 3913 520 3976 du
546 3913 719 3996 catalogus
744 3914 785 3977 ds
812 3916 1129 3999 FLAMSTEED‚
1173 3943 1235 4006 qus
1253 3923 1319 3988 ton
1338 3950 1436 4009 pour·

158 4026 251 4101 „rot't
272 4041 440 4102 comparer
461 4039 544 4082 avec
563 4018 608 4082 les
628 4011 856 4112 observatione
875 4020 916 4081 de
930 4032 1026 4083 notre
1035 4019 1146 4112 siecle.
1187 4028 1284 4092 Notas
1297 4027 1437 4125 pensons

157 4127 311 4215 „qu’elles
330 4148 369 4188 ne
387 4136 530 4204 pertnent
551 4127 621 4187 n'en
641 4125 768 4187 donner
786 4119 906 4217 d'offsz
927 4139 1047 4201 exstem
1066 4151 1106 4191 ert
1126 4128 1222 4221 ᾔει,
1243 4157 1283 4198 ett
1305 4140 1437 4225 quelque

157 4231 293 4320 „grand
314 4229 464 4303 nombre.
492 4251 553 4314 qus
577 4229 643 4292 Pon
668 4223 772 4322 puiffi
791 4229 837 4295 las
858 4230 1038 4317 employa.
1065 4255 1108 4299 on
1129 4259 1213 4302 aura
1232 4244 1382 4332 toujours
1401 4247 1436 4310 la

191 4469 228 4536 a)
246 4460 362 4521 confer.
385 4457 507 4517 Monatl.
522 4459 772 4537 correspondens,
790 4462 942 4538 Marideit
962 4470 1028 4533 teob
1044 4484 1109 4542 pag·
1126 4479 1185 4539 433.

898 4637 991 4716 Ἐπ’
