3202 5168
694 318 741 399 71

151 480 196 541 Ut
210 478 302 540 valor
314 470 416 557 hujus
431 473 591 539 formulae
606 472 745 540 desinite
761 474 964 548 innotescit,
984 494 1146 560 ponamus
1166 475 1295 549 casum.
1321 479 1358 540 iii

66 600 135 666 quo
150 581 244 644 valor
263 582 287 642 d
295 584 316 643 li
337 583 515 644 maximam
534 583 569 642 in
589 582 640 643 da
661 583 759 646 habet
775 584 864 655 vim,
886 580 979 667 quod
997 598 1105 666 aperte
1126 597 1208 647 tunc
1226 586 1360 656 evenit,

66 689 200 772 quando
219 687 302 749 slella
317 689 351 748 in
369 686 438 770 ipso
455 687 637 748 meridiano
657 685 818 763 versatur;
846 701 918 750 tum
935 688 1026 749 enim
1047 685 1090 750 est
1110 690 1135 752 Z
1148 690 1170 754 S
1182 705 1224 756 Ξ
1237 691 1295 755 ΖΡ
1314 706 1357 758 Ξ

65 795 313 879 complemento
329 792 535 864 latitudinis.
557 806 589 854 et
610 793 669 854 ubi
684 791 743 855 cos
762 794 846 858 li:
867 812 899 857 ο.
942 792 1038 857 Unde

369 947 421 1011 az
440 960 483 1013 ε
503 948 558 1011 ai
576 896 707 1040 Q}
723 905 814 1034 on'p

585 1003 682 1088 cosp

67 1111 122 1174 rel
142 1108 192 1171 da
212 1122 255 1173 :3
275 1108 329 1171 dli
350 1105 408 1171 cos
424 1109 473 1169 D²
497 1121 577 1192 tang
597 1130 621 1192 p
643 1106 694 1203 sec
714 1131 738 1194 p

147 1242 211 1305 Pro
230 1240 315 1302 {lesia
337 1242 442 1325 polari
464 1239 508 1304 ell
532 1240 588 1305 cos
602 1241 650 1302 θ’
673 1257 716 1305 ·.··.
735 1240 806 1304 cos²
836 1244 891 1316 ⁸3·
919 1245 970 1320 i4'
990 1256 1034 1306 t:
1054 1264 1196 1327 o,00095
1215 1244 1356 1319 sector,

68 1363 185 1431 tangp
204 1345 289 1430 secp
311 1347 455 1409 valorem
474 1369 488 1409 a
512 1349 654 1427 (rectius
673 1350 782 1428 i,960)
803 1346 861 1410 sub
880 1347 1056 1412 latitudine
1070 1352 1126 1428 51⁰
1149 1370 1193 1413 ne
1214 1353 1350 1437 attingit

69 1453 225 1540 quidem
247 1454 307 1514 erit
325 1455 439 1538 itaque
455 1455 492 1514 in
510 1454 576 1515 hoc
594 1451 669 1515 casu

557 1556 607 1620 da
627 1571 670 1622 Ξ
691 1556 869 1641 0,0oi9dh

69 1692 129 1754 ubi
147 1690 250 1775 probe
273 1688 477 1761 notandum,
498 1709 560 1751 nos
583 1692 639 1754 hic
661 1692 801 1752 minime
823 1691 989 1754 faventem
1013 1690 1150 1776 posuisse
1171 1691 1300 1768 casum3
1322 1708 1358 1757 et

68 1787 179 1835 tamen
197 1774 307 1834 omnis
324 1790 412 1832 error
426 1774 462 1832 in
484 1792 503 1831 a
525 1791 567 1832 ne
587 1778 648 1854 3¹⁶3
669 1773 805 1857 quidem
823 1777 937 1836 erroris
954 1790 1080 1856 partem
1102 1789 1276 1872 exaequat,
1296 1778 1357 1859 qui

68 1875 108 1916 ex
128 1857 150 1915 h
171 1851 467 1937 provenirepotesl.
489 1851 754 1925 Ponaturnunc‚
769 1874 911 1922 errorem
920 1857 954 1915 in
964 1855 1084 1938 angulo
1094 1852 1223 1917 horino
1240 1856 1280 1927 h.
1296 1857 1356 1940 qui

69 1955 108 1998 ex
119 1934 302 1996 ascensione
316 1949 402 1996 recta
414 1933 518 1995 stellae
531 1935 673 2007 Polaris,
704 1951 737 1997 et
752 1957 789 1996 ex
806 1939 964 2021 temporis
986 1940 1055 1998 veri
1079 1936 1357 1998 determinatione

69 2017 186 2078 exoriri
201 2013 324 2098 potest,
346 2017 427 2076 citra
449 2034 585 2076 omnem
608 2016 929 2079 verisimilitudinem
951 2016 992 2078 ad
1011 2038 1046 2079 io
1067 2019 1199 2080 minuta
1215 2017 1357 2080 secunda

68 2100 104 2160 in
123 2112 270 2179 tempore
285 2095 457 2179 assurgere,
480 2097 572 2179 quod
588 2098 624 2157 in
640 2097 799 2159 hodierna
815 2098 1009 2160 astronomia
1024 2101 1166 2182 practica
1181 2118 1357 2196 nunquam

68 2199 112 2241 ne
130 2176 320 2238 crassissimis
360 2176 766 2240 uidemobservationibus
776 2182 907 2240 evenire
916 2178 1020 2262 potest
1036 2222 1046 2249 .
1061 2194 1173 2239 tamen
1184 2198 1293 2240 omnis
1311 2177 1358 2240 es·

68 2260 175 2321 sectus
190 2260 332 2339 ingentis
375 2261 450 2335 ujus
467 2260 601 2329 erroris,
624 2260 725 2343 quiin
735 2262 953 2321 Azimutbum
970 2258 1184 2333 redundabit,
1206 2261 1262 2321 vix
1281 2259 1353 2337 οἷς

66 2344 105 2401 in
121 2358 197 2399 arcu
212 2337 394 2420 producere
412 2337 510 2399 valet.
1185 2400 1189 2407 ,

150 2419 272 2502 Liquet
288 2420 399 2501 itaque
416 2437 456 2478 ex
472 2417 699 2558 disquisitione
715 2417 837 2490 nostra,
857 2418 1055 2481 methodum
1072 2420 1177 2493 hanc,
1202 2441 1262 2505 per
1285 2419 1355 2482 slei·

65 2502 133 2561 lani
149 2502 292 2583 polarem
308 2499 514 2563 ‹letermiuan
541 2503 550 2557 i
565 2503 684 2582 quovis
704 2516 852 2585 tempore
869 2516 965 2573 tuto,
987 2516 1020 2565 et
1038 2503 1117 2564 citra
1132 2521 1233 2566 omne
1248 2503 1354 2567 liallu·

67 2583 244 2646 cinctionis
260 2581 445 2663 periculum
459 2581 607 2642 adhiberi
622 2580 719 2664 posse.

148 2663 183 2724 Si
207 2665 375 2741 objectum
397 2662 566 2746 quoddam
587 2663 730 2725 terrestre
752 2667 787 2724 in
812 2663 985 2725 meridiani
1007 2665 1219 2747 proximitate
1236 2663 1276 2725 ad
1291 2664 1351 2726 bo·

66 2763 162 2808 reum
178 2746 222 2804 ita
237 2749 335 2822 jacet,
365 2757 403 2804 ut
426 2743 513 2805 liclla
534 2744 653 2827 polaris
680 2765 737 2828 per
765 2746 914 2824 ejusdem
939 2761 1072 2808 motum
1096 2746 1257 2806 diurnum
1286 2745 1354 2827 psa·

66 2845 153 2888 itum
170 2825 321 2885 verticale
340 2826 439 2904 hujus
456 2826 577 2904 objecti
592 2828 730 2908 attingat
743 2825 759 2897 ,'
773 2827 878 2909 potest
895 2828 1062 2909 problema
1077 2846 1169 2887 nunc
1194 2823 1353 2906 discepta-

67 2920 142 2968 tum
167 2909 266 2966 etiam
289 2908 434 2973 inverti.
463 2921 496 2967 et
517 2926 556 2967 ex
578 2904 747 2968 observato
772 2923 920 2990 tempore
941 2909 1094 2969 transitus
1116 2927 1174 3003 per
1197 2906 1264 2967 hoc
1284 2905 1352 2987 pla·

66 3008 169 3057 num,
193 2986 378 3063 situshujus
394 2988 532 3063 objecti,
550 2987 588 3048 ad
600 2989 818 3050 meridianum
837 2990 974 3060 relatus,
993 2989 1137 3051 definiri.
1185 3039 1198 3059 ,

150 3066 233 3130 Usus
250 3069 361 3149 itaque
376 3067 593 3140 multifarius,
624 3069 778 3153 srequcns
802 3088 835 3131 et
853 3070 987 3152 insignis
1003 3069 1107 3131 stellae
1121 3066 1241 3152 polaris
1253 3108 1269 3137 s.
1292 3065 1352 3148 qui

66 3147 274 3234 potissimum
289 3148 517 3229 cognitionem
531 3151 721 3232 exquisitam
736 3151 966 3213 declinationis
987 3154 1087 3229 hujus
1106 3148 1189 3209 lixae
1200 3145 1351 3244 praesup·

94 3235 184 3302 onit‚
209 3250 262 3290 me
289 3232 494 3299 commovit,
528 3243 566 3289 ut
591 3232 625 3289 in
643 3231 790 3308 ejusdem
812 3246 944 3293 motum
965 3233 1135 3349 proprium
1158 3227 1351 3309 diligentius

66 3252 280 3395 Eiquirerem.
324 3309 412 3371 Cum
431 3327 509 3371 vero
531 3329 570 3368 cx
591 3313 803 3375 MAYERO
823 3327 855 3373 et
876 3311 1167 3381 LALAIlDIO,
1196 3309 1255 3393 qui
1275 3327 1352 3369 ean·

68 3393 145 3455 dein
167 3399 231 3474 jam
251 3404 492 3476 pertractarunt
510 3392 698 3463 materiem,
734 3407 853 3453 notum
872 3395 957 3455 mihi
976 3391 1067 3463 esset,
1101 3403 1233 3452 motum
1256 3390 1352 3451 hunc

67 3478 282 3560 perexiguum
299 3471 374 3535 esse:
399 3472 511 3543 statui,
531 3470 614 3533 lixae
626 3474 724 3551 hujus
741 3473 997 3537 declinationem
1018 3492 1056 3533 ex
1079 3471 1351 3535 FLAMSTEE·

66 3558 135 3621 DI
140 3558 172 3620 0
190 3558 352 3628 derivare;
375 3553 467 3637 quod
488 3574 525 3614 ex
552 3557 751 3614 erimentum
764 3573 804 3616 eo
820 3554 979 3616 fidentius
999 3573 1112 3638 capere
1132 3554 1246 3637 potui.
1269 3571 1350 3613 cuin

68 3640 266 3722 experientia
284 3642 349 3714 jairi
365 3636 503 3697 edoctus
519 3574 666 3705 sinisera,
689 3635 849 3699 FLAMS
857 3637 1033 3698 TEEDII
1053 3634 1294 3697 observationes
1313 3635 1351 3694 in

69 3718 291 3781 declinatione
312 3719 503 3800 praeprimis
527 3715 687 3777 stellarum
701 3717 1008 3802 circumpolarium‚
1039 3736 1123 3815 quae
1139 3715 1231 3799 supra
1248 3728 1282 3777 et
1300 3715 1352 3775 in·

67 3800 115 3863 sni
144 3802 260 3883 polum
285 3798 451 3860 inslitutae
479 3798 577 3868 sunt,
606 3810 640 3859 et
664 3799 836 3882 inquibus
852 3799 1060 3862 instrumenti
1083 3793 1349 3859 erroresevanes·

67 3896 169 3955 cunt,
190 3887 348 3957 majorem
363 3898 438 3963 prae
463 3877 492 3941 se
516 3878 596 3941 serre
617 3881 834 3942 accurationis
851 3894 983 3952 notam,
1018 3899 1118 3965 quain
1138 3878 1226 3940 illius
1243 3874 1352 3939 obser·

66 3967 219 4026 vationes
240 3965 274 4022 in
293 3961 475 4023 ascensione
498 3973 609 4030 recta,
632 3980 715 4046 quae
729 3962 878 4040 ejusdem
902 3960 985 4024 surae
1025 3961 1176 4023 ositiones
1195 3957 1350 4042 saepenu-

66 4063 161 4107 mero
185 4041 265 4103 adeo
288 4041 425 4104 diversas
446 4043 619 4113 exhibent,
652 4057 691 4103 ut
718 4043 784 4104 sine
806 4063 891 4105 noxa
915 4065 987 4107 nea
1032 4042 1170 4103 medinm
1191 4040 1349 4125 quidem.

93 4124 162 4187 uod
179 4123 318 4185 dicimus
329 4124 589 4194 arithmeticum,
611 4122 833 4186 admittendae
848 4125 920 4187 lint.
959 4125 1023 4187 Pro
1063 4124 1154 4185 uaris
1167 4139 1245 4184 vero
1261 4118 1349 4182 stella

66 4147 294 4271 flevistionem
309 4204 504 4286 Quadrantis
519 4225 536 4267 a
551 4205 725 4266 meridiani
739 4205 838 4289 plano
855 4207 980 4269 calculo
995 4145 1152 4277 definire,
1173 4221 1257 4300 opus
1275 4199 1348 4260 sane

65 4284 310 4376 praeposterum
332 4284 415 4350 esset.
470 4287 540 4346 lam
565 4306 641 4348 cum
683 4287 1044 4351 FLAMSYEEDIO
1076 4287 1233 4349 aberratio
1264 4281 1348 4342 lucit

67 4385 103 4432 et
118 4372 185 4432 axis
201 4365 353 4427 terrestris
369 4369 498 4429 nutatio
513 4366 666 4429 nondum
681 4370 813 4451 cognita
823 4368 917 4445 esset3
938 4369 1087 4450 eiusdem
1102 4364 1345 4428 observationes

66 4452 173 4518 stellae
190 4448 310 4533 polaris
335 4448 374 4508 ab
395 4467 458 4509 ovo
473 4447 513 4510 ad
540 4448 704 4510 calculum
720 4451 804 4511 mihi
824 4451 1044 4521 revocandae,
1065 4462 1097 4510 et
1114 4461 1269 4508 motuum
1287 4443 1347 4501 lio·

66 4555 142 4598 rum
163 4534 305 4593 rationes
322 4527 547 4591 conficiendae
562 4544 670 4604 erant;
693 4548 761 4616 quo
776 4531 903 4596 calculo
918 4537 980 4593 rite
998 4542 1148 4616 peracto,
1173 4525 1347 4608 sequente·

67 4616 168 4682 elicui
181 4612 265 4677 fixae
280 4613 381 4692 hujus
397 4608 561 4676 distantias
578 4611 702 4676 medias
717 4630 735 4674 a
750 4612 829 4697 polo
850 4613 970 4677 boreos
