3202 5168
773 311 825 389 28

156 500 331 571 inservire,
353 496 477 580 suprius
493 507 725 578 argumentum
739 492 831 577 long.
850 489 1218 559 *tribuamulctaveris
1235 490 1360 578 lignis;
1394 495 1444 556 vel

158 609 281 693 poteris
307 606 406 667 etiam
427 599 469 662 ad
489 598 541 677 Cl.
569 598 771 662 EVLERI
793 597 982 681 exernplnm
1001 597 1140 661 eandem
1162 600 1308 662 tabulam
1333 600 1446 662 ordine

159 710 287 775 inverlo
306 710 491 791 disponere.
526 703 590 768 Sed
604 705 640 765 in
655 718 801 788 utroque
819 699 893 765 calu
908 705 1120 787 quantitates,
1139 725 1159 769 e
1174 706 1284 768 tabula
1299 704 1446 788 deprom-

159 833 250 903 ptae.
268 815 391 897 semper
412 831 471 896 per
486 825 576 892 tang.
600 809 684 870 latit.
701 809 720 850 *
737 806 1008 892 multiplicandae
1024 807 1111 874 lunt.
1151 809 1202 872 Ad
1216 808 1447 874 sublevandam

159 925 246 985 hanc
263 939 400 1005 operam
410 919 534 1003 poteris
552 911 646 976 valde
660 926 851 997 opportune
873 913 1032 996 angulum
1048 914 1245 1000 quemdam.
1273 937 1377 1001 quem
1395 936 1448 979 ro·

160 1047 272 1091 camus
295 1023 509 1094 auxiliarem,
524 1018 696 1103 usurpare,
716 1030 751 1080 et
766 1018 832 1082 hoc
847 1016 990 1082 artificio
1008 1019 1174 1084 calculum
1189 1021 1300 1085 multo
1318 1023 1448 1087 brevius

160 1133 336 1195 ablolvcre.

239 1237 406 1300 Ponamus
429 1231 589 1293 nimimm
612 1243 701 1315 tang.
725 1229 810 1292 latit.
832 1226 852 1272 ²*
872 1242 915 1293 Ξ
937 1249 975 1293 ιο
997 1227 1056 1293 col
1068 1251 1102 1306 «ς
1132 1232 1276 1296 formula
1291 1234 1400 1297 nollra
1414 1236 1447 1296 in

160 1346 247 1406 hanc
269 1343 337 1404 abit

304 1515 342 1558 ro
363 1496 537 1576 (52‚'6313
559 1492 617 1558 col
635 1490 775 1577 (long.*
793 1510 835 1558 ·t-
855 1492 891 1568 8·
917 1492 970 1571 53¹
999 1495 1077 1571 13¹)
1097 1491 1155 1556 coi
1172 1526 1189 1555 α

325 1645 341 1703 5
364 1626 536 1703 (520'6318
559 1622 617 1686 col
634 1620 775 1706 (long.*
793 1640 835 1690 -t-
856 1624 892 1697 8·
918 1625 971 1699 53'
998 1622 1053 1696 13'
1075 1644 1118 1691 ·t·
1136 1627 1173 1703 a)

260 1773 302 1821 -s-
324 1774 339 1832 5
364 1756 534 1832 (522'6318
557 1751 615 1818 col
632 1751 773 1836 (long.*
793 1771 835 1819 -t-
855 1754 890 1828 ε’
917 1752 969 1830 53'
998 1752 1053 1829 13¹
1076 1785 1117 1802 -
1136 1754 1175 1829 a)

161 1909 196 1971 st
212 1909 323 1994 itaque
338 1910 479 1993 angulus
501 1941 516 1970 a
538 1911 573 1969 in
590 1907 931 1982 subfidiumvocatur,
952 1910 1052 1986 (cum
1067 1925 1228 1994 praeterea
1246 1913 1359 1975 tabula
1371 1915 1447 1975 haec

161 2017 204 2079 fic
217 2017 427 2101 disponatur.
449 2030 488 2078 ut
506 2035 523 2076 a
540 2013 605 2075 lolo
621 2029 818 2097 argumento
836 2014 927 2098 long.
942 2021 959 2058 *
979 2015 1201 2100 dependeat),
1228 2017 1281 2079 bis
1302 2017 1446 2104 ulurpari

161 2125 301 2208 poterit,
331 2119 453 2185 scilicet
474 2139 552 2184 cum
579 2134 775 2205 argumento
803 2121 914 2203 (long.
937 2126 955 2164 *
977 2140 1019 2188 -ι-
1034 2125 1068 2200 a)
1092 2136 1125 2184 et
1149 2141 1228 2183 cum
1250 2141 1444 2207 argumento

161 2229 273 2314 (long.
289 2231 306 2267 *
322 2265 362 2280 -
377 2230 432 2308 a).
462 2225 528 2290 Sed
555 2245 634 2288 cum
670 2227 705 2286 in
729 2223 962 2288 latitudinibus
991 2227 1172 2306 majoribus
1201 2242 1292 2311 tang.
1316 2229 1444 2293 latitud.

160 2348 243 2402 >ro
257 2330 315 2395 col
325 2356 358 2396 a:
381 2348 553 2419 propterea
568 2329 626 2395 col
635 2363 651 2393 a
671 2333 801 2394 unitate
815 2335 921 2411 major
939 2330 1106 2403 evaderet,
1136 2332 1228 2417 quod
1246 2334 1445 2419 impollibili·

162 2447 264 2496 tatem
282 2438 435 2499 involvit.
463 2437 512 2499 Ad
527 2437 616 2499 illam
627 2437 872 2509 eliminandam,
890 2451 924 2499 et
939 2436 981 2499 ad
998 2435 1235 2520 expeditiorem
1252 2440 1446 2525 multiplica·

162 2542 291 2602 tionem
318 2561 335 2601 a
358 2562 394 2619 75
417 2543 604 2604 latitudinis
632 2543 734 2625 gradu
764 2540 965 2605 allumlimus
994 2542 1152 2626 angulum
1184 2540 1445 2627 lublrdiariump

162 2645 226 2715 ita.
248 2658 286 2707 ut
303 2660 380 2731 tang
400 2645 483 2709 latit.
505 2661 546 2708 Σ
570 2666 625 2708 100
641 2647 698 2710 col
715 2664 743 2724 β.
766 2647 1126 2734 Quotieecunqueergo
1137 2649 1191 2711 hic
1201 2651 1380 2715 adhibetur
1395 2674 1445 2714 an·

162 2751 277 2837 gulos,
294 2754 492 2836 quantitates
513 2750 745 2836 (long.*-t-o)
763 2769 795 2815 et
811 2752 1040 2837 (long.*-o)
1061 2768 1240 2839 excerptae.
1252 2770 1284 2817 et
1296 2759 1329 2820 in
1342 2781 1445 2822 unum

161 2871 372 2942 aggregatum
382 2854 554 2927 conflatae,
569 2878 627 2942 per
641 2879 695 2920 roo
712 2859 982 2944 multiplicandae
999 2862 1152 2924 veniunt.
1174 2863 1372 2948 Sequuntur
1384 2871 1446 2945 jam

162 2963 291 3025 tabulae
308 2963 368 3024 hae
384 2964 565 3048 generales,
590 2985 674 3049 quae
695 2963 834 3027 lixarum
856 2966 1053 3029 variationes
1075 2966 1230 3031 leculares
1253 2989 1333 3032 cum
1351 2973 1387 3033 iu
1407 2974 1446 3033 la·

163 3068 326 3141 titudine,
344 3081 415 3130 tum
434 3073 467 3131 in
486 3069 696 3153 longitudine
715 3072 889 3140 exhibent.
911 3071 1046 3150 adjectis
1063 3074 1181 3135 tabulis
1199 3074 1347 3146 (luobus,
1365 3096 1447 3163 quae

162 3175 302 3257 angulos
323 3206 338 3236 a
361 3187 393 3236 et
413 3191 430 3253 β
459 3177 494 3238 in
514 3173 689 3238 sublidium
715 3177 832 3240 calculi
853 3178 1042 3242 variationis
1066 3181 1102 3239 in
1128 3181 1342 3265 longitudine
1371 3206 1445 3248 cou-

161 3281 283 3341 tinent.
