3202 5168
711 315 759 398 ¹7

94 475 578 562 aequinoctialium·producit.
639 475 747 539 Ullam
768 494 846 540 vero
869 475 955 542 inter
967 479 1060 544 bunc
1080 494 1114 543 et
1128 492 1374 546 terraemotum

93 583 252 646 diurnum
278 583 553 661 conjunctionem
568 580 785 654 intercedere,
806 583 917 646 nullm
938 586 1089 673 unquam
1113 585 1374 651 astronomorum

92 690 257 767 conjicere
278 687 459 773 potuisset,
489 697 664 772 antequam
688 687 727 748 ab
750 685 807 747 illo
831 708 952 772 magno
976 705 1009 753 et
1031 691 1211 752 immortali
1233 695 1372 758 NEW·

99 794 241 858 TONO
253 794 456 856 attractionis
469 792 555 874 leget
571 794 606 852 in
625 792 773 875 apricum
795 792 975 874 productae
991 792 1132 859 fuerant.

173 900 266 961 Actio
295 897 370 961 lolia
395 896 501 959 media
515 896 801 981 aequinoctiorum
821 911 951 960 motum
973 899 1129 984 producit
1142 899 1256 964 mellae
1270 904 1372 983 hnjnt

95 1002 202 1064 sideria
216 1002 515 1086 proportionalem,
536 1000 679 1063 divilum
695 1020 754 1084 per
766 1002 891 1063 cubum
908 1002 1057 1082 ejusdem
1081 1003 1249 1068 distantiae
1275 1027 1293 1069 a
1316 1009 1373 1070 tel·

93 1107 180 1179 lure,
201 1121 233 1170 et
249 1107 389 1171 ductum
407 1107 605 1170 incoliorum
625 1106 829 1190 obliquitatis
846 1108 1025 1193 eclipticae.
1067 1110 1183 1172 Motua
1205 1110 1261 1172 hic
1273 1124 1373 1175 retro·

93 1211 212 1295 gradus
228 1211 288 1284 est,
311 1213 332 1273 li
351 1211 548 1296 sphaeroidis
568 1212 672 1296 ligura
685 1213 720 1271 in
736 1213 820 1294 polis
837 1213 1012 1297 comprella
1030 1213 1096 1288 est;
1125 1213 1282 1276 velocitas
1294 1235 1371 1279 vero

92 1319 192 1396 hujus
217 1332 328 1380 motua
349 1338 367 1378 a
391 1315 637 1401 compressionis
660 1317 842 1400 quantitate
865 1316 1012 1401 pendet,
1041 1316 1095 1381 led
1120 1317 1372 1384 inclinationem

92 1424 275 1508 aequatoria
296 1424 332 1484 in
350 1421 536 1506 eclipticam
554 1437 623 1480 non
649 1421 770 1484 turbat.
837 1402 840 1410 ¹

173 1527 273 1611 Cogit
294 1545 430 1612 quoque
453 1525 538 1587 actio
564 1523 661 1586 lunae
684 1525 867 1610 aequatoria
891 1510 1043 1589 terrestria
1066 1525 1173 1590 nodos
1197 1525 1291 1612 [upra
1306 1530 1370 1614 pla·

91 1650 176 1694 num
192 1637 262 1712 ejua
277 1632 401 1693 orbitae
419 1625 613 1709 retrogredi3
644 1627 697 1692 sed
711 1650 786 1693 cum
803 1630 920 1715 politio
937 1632 1037 1709 hujus
1054 1631 1145 1716 plani
1167 1646 1200 1696 et
1222 1634 1371 1714 ejuadern

92 1736 265 1799 inclinatio
284 1714 320 1797 in
336 1747 544 1819 aequatorem
560 1752 618 1815 per
630 1737 795 1798 actionem
813 1734 886 1797 lolia
908 1738 1070 1799 continuo
1090 1739 1255 1812 varietur;
1293 1759 1369 1803 cnm

92 1859 190 1924 porro
206 1854 319 1902 motus
338 1842 392 1902 bic
407 1838 611 1922 retrogradus
631 1838 796 1901 nodorum
812 1840 995 1922 aequatoria
1012 1838 1102 1923 snpra
1115 1841 1213 1904 lunae
1229 1843 1370 1906 orbitarn

171 2049 334 2112 Oriuntur
349 2052 460 2134 itaque
476 2051 657 2111 exactione
674 2049 772 2111 lunae
786 2050 964 2126 conjuncta
979 2068 1057 2111 cum
1073 2064 1168 2113 motu
1183 2052 1273 2134 plani
1285 2056 1369 2131 ejua·

92 2154 169 2216 dem
189 2155 329 2225 orbitae,
365 2157 402 2229 1)
421 2169 534 2217 motua
554 2153 684 2216 medina
708 2156 743 2215 in
767 2154 1053 2236 aequinoctiorum
1075 2159 1209 2236 punctia
1225 2157 1369 2241 aequalia

91 2259 159 2326 illi.
191 2277 291 2341 quem
314 2256 398 2320 lidae
419 2259 485 2321 hoc
504 2257 723 2341 produceret,
757 2256 831 2318 liin
848 2255 918 2341 iplo
936 2259 1105 2341 eclipticae
1118 2260 1217 2343 plano
1234 2259 1370 2325 versare·

91 2377 165 2436 tur;
188 2363 239 2441 11)
261 2375 371 2424 motua
387 2362 487 2439 hujus
502 2359 678 2443 retrogradi
695 2360 905 2444 inaequalitas
921 2358 1130 2435 subtractiva,
1144 2377 1176 2425 et
1195 2365 1278 2427 linui
1297 2367 1370 2430 lon·

92 2467 254 2553 gitudinia
270 2466 350 2528 nodi
367 2464 570 2530 ascendentia
589 2466 686 2528 lunae
699 2466 971 2548 proportionalia3
999 2467 1066 2546 111)
1088 2467 1269 2533 diminutio
1287 2473 1368 2536 obli·

93 2574 228 2658 quitatis
237 2571 422 2656 eclipticae,
433 2573 559 2636 colinui
574 2570 1226 2656 ejusdeminclinationiaproportionalia.
1247 2579 1368 2642 Polite·

93 2681 233 2741 machaa
251 2677 331 2740 duaa
350 2677 614 2763 inaequalitates,
635 2676 821 2738 natationis
841 2678 979 2740 nomine
1001 2679 1185 2762 insignitae,
1217 2679 1273 2744 luo
1291 2683 1366 2746 loco
1388 2733 1404 2742 ,.

90 2781 193 2846 fufius
213 2783 464 2866 explicabimus,
484 2783 623 2866 illaeque
645 2800 723 2844 cum
744 2781 1000 2846 BRADLEJI
1017 2782 1298 2848 observationibus
1314 2807 1367 2870 ap-

88 2891 197 2975 prime
219 2886 401 2950 couleutire
422 2886 724 2951 demonstrabimus.

171 2991 329 3056 Producit
345 2993 455 3075 itaque
469 2994 567 3054 unica
584 2993 668 3054 actio
686 2992 784 3054 lunae
803 2990 853 3063 id,
875 2989 967 3075 qnod
981 3009 1137 3054 vocamus
1158 2992 1365 3055 necationem

89 3100 168 3162 axis
188 3093 370 3188 terrestri„
396 3094 584 3177 producunt
602 3094 675 3159 lolia
696 3110 729 3157 et
751 3097 847 3157 lunae
870 3096 1015 3158 actiones
1038 3101 1251 3174 conjunctae,
1273 3098 1365 3182 quod

91 3205 232 3267 dicimus
261 3200 540 3283 aequinoctiorum
566 3193 844 3291 praeceffionenm
883 3215 915 3262 at
937 3218 1006 3261 non
1033 3202 1192 3263 immunia
1214 3201 1258 3265 eit
1280 3216 1365 3268 tetra

91 3309 197 3373 nostra
215 3328 232 3369 a
246 3321 449 3368 caeterorum
463 3303 667 3386 planetarum
682 3305 886 3376 acilonibue,
902 3319 935 3366 et
949 3304 997 3364 illi
1012 3324 1146 3390 quoque
1156 3309 1365 3385 ejusmotum

90 3414 300 3503 perturbant,
323 3424 356 3472 et
372 3409 497 3471 orbitae
512 3407 661 3470 terrestria
675 3410 871 3493 positionem
887 3412 1048 3472 continuo
1065 3412 1254 3473 immutant.
1295 3413 1365 3477 Pla·

91 3537 240 3585 netarum
255 3521 334 3581 haec
350 3517 435 3578 actio
448 3513 734 3598 aequinoctiorum
750 3515 882 3597 punctis
894 3527 1024 3574 motum
1039 3534 1187 3576 annuum
1201 3516 1364 3582 directum

88 3644 131 3692 .·:
147 3627 278 3699 0,'2016
296 3622 453 3705 impertit.
492 3617 667 3682 Praecelsro
677 3637 752 3704 ergo
769 3637 895 3690 annua,
911 3638 928 3681 a
944 3615 1008 3681 sola
1023 3617 1094 3683 lolia
1111 3633 1144 3681 et
1158 3620 1254 3685 lunae
1265 3626 1364 3685 actio·

90 3753 133 3795 ne
153 3730 323 3816 producta,
338 3731 399 3790 bac
415 3728 608 3813 quantitate,
630 3745 669 3788 ex
684 3727 889 3811 planetarum
905 3725 1035 3787 actione
1044 3726 1172 3808 genita,
1188 3729 1296 3790 minui
1310 3729 1363 3791 de·

91 3839 155 3900 bet·
169 3938 376 4023 Quamquam
392 3935 442 3999 cl.
462 3935 815 4015 n'ALEMBERT')
836 3934 1120 4018 magniNewtoni
1141 3933 1271 4022 vestigia
1293 3956 1362 4020 pre·

91 4061 203 4112 mena,
219 4043 340 4124 primns
356 4040 524 4126 problema
541 4039 583 4101 de
598 4039 813 4123 praecellione
837 4042 1121 4125 aequinoctiorum
1139 4040 1179 4102 ad
1199 4043 1363 4127 generalea

90 4148 300 4233 aequationea
320 4145 508 4218 reduxillet,
542 4157 575 4208 et
595 4143 794 4209 solutionem
818 4147 972 4207 omnibus
997 4149 1143 4208 numeria
1166 4145 1361 4220 absolvisset,

119 4427 159 4498 ³)
176 4419 352 4479 Recberclrea
371 4422 416 4477 sur
437 4418 465 4476 la
482 4421 635 4498 pre‘ceilion
656 4422 704 4478 dea
722 4421 896 4498 equinoxea,
921 4436 948 4476 et
973 4422 1020 4478 l'ur
1045 4421 1071 4476 la
1089 4421 1220 4476 nutation
1238 4421 1273 4476 de
1289 4419 1361 4477 laxa

155 4519 189 4572 de
206 4515 233 4572 la
251 4531 343 4577 terre.
360 4514 428 4571 dant
444 4514 472 4570 lc
488 4515 603 4589 systema
619 4514 813 4599 Newtonien,
836 4531 888 4589 par
913 4517 956 4570 M.
981 4517 1146 4570 dalencourt.
1191 4514 1269 4567 Paria
1284 4529 1360 4585 1749.

800 4662 828 4727 C
