3202 5168
775 226 850 324 164

184 498 337 585 Tabulae
368 494 609 583 aberratione
647 512 684 575 et
715 491 913 573 amotionis
952 511 1020 605 pro
1059 488 1253 575 XXXVI
1276 492 1440 595 fixerant

403 652 648 769 ‹fiatfianibus
672 658 784 739 rectit
811 650 861 735 CL
888 654 1090 737 MASKEL
1097 654 1213 738 YNE

579 866 953 946 Problema
1001 870 1033 944 1.

170 1048 273 1137 Datis
289 1062 413 1129 XXXVI
429 1062 569 1123 finarum
585 1057 825 1123 alccnssonibns
841 1060 938 1121 rectia
959 1056 1071 1122 radiis
1083 1058 1135 1122 ct.
1145 1058 1445 1125 anamma

172 1184 208 1244 in
225 1190 390 1259 tempore.
412 1180 601 1231 convertere
614 1164 745 1228 eaedem
761 1166 799 1225 in
825 1176 1040 1245 apparentes,
1074 1184 1135 1248 per
1150 1164 1284 1228 tabulae
1307 1164 1445 1249 specialet

171 1304 246 1372 pag.
267 1280 437 1361 lv-pag.
453 1272 524 1335 ΧΠ.

255 1390 285 1467 r)
305 1381 494 1465 Ecatalogo
510 1381 625 1442 herum
642 1372 781 1437 tuarum
795 1392 868 1457 pag.
887 1374 950 1444 ill,
966 1373 1008 1436 ad
1027 1375 1164 1437 initium
1178 1376 1265 1437 anni
1286 1392 1363 1451 taor
1378 1392 1445 1437 coa·

172 1492 312 1562 structo,
329 1500 519 1571 excerpatur
533 1476 671 1545 atcenfi'o
688 1492 774 1543 recta
793 1480 900 1542 media
917 1478 1001 1543 fixae
1021 1480 1206 1564 propolitae
1231 1482 1270 1545 in
1287 1496 1444 1567 tempore,

172 1595 315 1681 apposita
335 1591 483 1673 ejusdem
499 1588 678 1651 variatione
691 1604 818 1657 annua,
838 1602 919 1645 cum
936 1605 1001 1668 qua
1014 1584 1191 1650 reducatur
1204 1584 1353 1651 asceulio
1368 1599 1443 1649 reate

171 1702 211 1764 ad
227 1718 352 1763 annum
370 1698 494 1758 datum.
535 1691 699 1753 Reductio
713 1692 792 1751 haec
807 1686 930 1773 semper
945 1688 1140 1756 subtractiva
1157 1690 1221 1767 eli,
1236 1694 1260 1755 ti
1275 1712 1382 1757 annua
1394 1690 1441 1753 da·

171 1822 227 1870 tue
249 1803 386 1885 catalogi
405 1801 563 1884 epocham
578 1795 756 1879 praecedit,
778 1806 811 1856 et
823 1808 937 1856 contra
957 1794 1114 1860 additiva.

253 1911 284 1988 a)
304 1904 354 1968 Ad
370 1902 606 1989 [appetendam
615 1915 738 1983 partem
753 1901 940 1963 variationis
954 1920 1015 1985 pro
1031 1899 1106 1964 data
1121 1902 1202 1964 anni
1216 1901 1296 1979 die,
1318 1904 1442 1988 exquire

171 2011 317 2079 etabula
331 2029 405 2095 pag.
422 2028 459 2087 4²
484 2007 663 2080 factorem,
684 2008 764 2069 huic
783 2006 850 2067 diei
873 2002 1145 2089 respondentem,
1174 2008 1258 2093 qni,
1281 2009 1395 2071 ductae
1408 2009 1443 2067 in

171 2140 306 2185 oannem
329 2118 543 2180 variationem
564 2132 728 2185 annuam,
762 2110 852 2173 dabit
874 2123 1000 2194 partem
1020 2111 1122 2192 hujne
1142 2114 1340 2179 variationis
1362 2132 1443 2178 cont·

170 2240 351 2313 petentem.
397 2256 403 2265 ·

253 2336 283 2409 3)
304 2330 504 2411 Excerpatur
519 2345 559 2387 ex
572 2323 837 2408 ephemeridibus
860 2322 1084 2385 astronomicie
1105 2320 1287 2407 longitudo
1311 2344 1389 2387 vera
1403 2320 1445 2384 lo·

171 2438 210 2497 lie
235 2454 294 2520 pro
318 2435 371 2495 die
396 2432 493 2501 data,
529 2448 606 2501 cum
631 2450 696 2513 qua
715 2427 883 2511 ingredere
906 2427 1032 2490 tabulae
1054 2425 1203 2511 speciale·
1226 2428 1449 2487 aberrationie

171 2546 267 2625 (pag.
279 2540 320 2600 1v
333 2572 374 2587 --
388 2534 563 2619 peg.Xll),
598 2551 636 2594 ex
659 2534 780 2617 quibua
803 2533 940 2617 reperiet
961 2534 1176 2616 quantitatem
1193 2530 1447 2602 aberrationis,

172 2646 343 2714 adhibitio,
366 2640 487 2721 fiopus
501 2634 614 2709 fuerit,
634 2638 780 2721 partibne
797 2638 1111 2722 proportionalium.

250 2756 285 2830 4)
306 2750 508 2830 Supputetur
520 2742 571 2803 vel
588 2757 776 2825 excerpatur
798 2761 837 2803 ex
851 2741 1115 2825 ephemeridibus
1134 2740 1362 2805 astronomicis
1375 2741 1448 2805 lon·

171 2856 289 2945 gitudo
306 2850 386 2914 nodi
397 2851 511 2918 lunae,
532 2867 610 2908 cum
623 2867 689 2931 quo
708 2860 901 2930 argumento
917 2848 1064 2909 invenies
1081 2850 1116 2908 in
1133 2846 1291 2911 columna
1307 2847 1446 2913 secunda

172 2963 389 3053 quantitatem
404 2954 604 3024 nntationis,
626 2966 715 3035 parte
729 2954 967 3037 proportionali
984 2972 1052 3016 non
1070 2953 1229 3034 neglecta.

253 3072 292 3149 ς)
314 3063 468 3130 Collectie
491 3059 541 3118 hie
560 3058 776 3128 variationis,
804 3056 1024 3120 aberrationis
1045 3075 1078 3119 et
1107 3058 1298 3121 rtutationis
1318 3060 1446 3143 quanti·

170 3176 291 3239 tatibus
308 3174 343 3232 in
356 3186 458 3231 unam
475 3162 633 3224 lammam
648 3181 725 3224 cnm
740 3159 921 3224 ascensione
937 3177 1022 3225 recta
1041 3161 1142 3233 fixae,
1172 3176 1205 3224 et
1228 3168 1354 3242 reJeeta
1364 3158 1445 3254 Jern·

165 3300 226 3361 per
254 3276 435 3362 quantitate
462 3266 628 3331 constante
652 3268 749 3344 4.'0;
777 3268 941 3328 obtinebis
956 3287 1014 3350 pro
1037 3267 1113 3329 dato
1129 3268 1445 3349 temporealcenlro·

167 3403 244 3448 nem
259 3392 379 3442 rectam
395 3376 477 3435 fixae
493 3372 675 3454 propolitae
696 3384 928 3453 apparentem,
949 3374 1013 3434 boc
1030 3372 1089 3445 est,
1110 3374 1335 3446 variationis,
1358 3374 1446 3436 aher·

169 3486 310 3549 rationis
323 3496 354 3544 et
372 3479 555 3541 irritationis
572 3476 739 3540 effectibus
756 3474 922 3547 allectam,
945 3491 978 3538 et
999 3477 1039 3541 ad
1062 3479 1349 3562 comparationem
1370 3496 1445 3542 cum

168 3583 393 3681 observatione
408 3595 588 3663 apparente
608 3582 901 3644 accommodatam.

597 3741 933 3822 Exemplum
974 3741 1001 3806 1.

246 3878 295 3942 Sit
310 3894 369 3962 pro
385 3874 438 3938 die
454 3896 469 3953 ς
484 3872 626 3935 Ianuarii
641 3874 719 3933 anni
741 3890 815 3946 1800
830 3891 888 3957 pro
907 3886 1054 3958 tempore
1067 3873 1323 3939 culminationis
1340 3875 1444 3941 alcen·

169 3986 212 4049 tro
229 3997 315 4047 recta
328 3982 433 4044 media
445 4011 461 4039 a
481 3979 595 4049 Tauri,
617 3976 820 4046 Alelebaran,
840 3979 873 4036 in
890 3990 1103 4057 apparentem
1124 3980 1365 4044 convertenda.

250 4092 288 4167 r)
308 4088 335 4148 E
352 4084 492 4147 lixarum
504 4084 652 4165 catalogo
673 4102 746 4164 pag.
763 4082 809 4141 lll
830 4081 927 4145 habes
943 4084 1161 4147 ascenfionem
1177 4098 1300 4145 rectam
1318 4088 1443 4148 intem·

165 4216 245 4284 pore
262 4194 301 4257 ad
316 4210 441 4254 annum
461 4208 534 4265 1802
558 4220 574 4249 a
594 4189 693 4248 Tauri
714 4200 755 4246 Ξ
776 4186 812 4261 4*1
848 4188 898 4263 24¹
928 4190 1053 4266 34,'30,
1082 4208 1160 4251 cum
1181 4189 1368 4253 variatione
1390 4212 1443 4253 an.

165 4324 231 4366 ntra
250 4320 292 4368 -i-
314 4300 419 4375 3‚'4²3
430 4337 441 4366 ,
462 4308 585 4356 etcum
605 4304 700 4351 motu
715 4294 847 4374 proprio
863 4310 975 4355 annuo
995 4312 1037 4359 -t-
1057 4295 1185 4364 0,'002,
1207 4292 1361 4380 adeoque
1375 4316 1444 4358 om·

163 4412 216 4472 nie
253 4405 388 4469 variatio
429 4412 472 4464 Ξ
510 4417 553 4464 -t·
573 4400 699 4473 32'423·
762 4398 848 4458 Cum
870 4398 995 4483 epocha
1015 4395 1154 4479 catalogi
1173 4416 1302 4459 annum
1325 4400 1443 4463 datum

164 4512 293 4575 duobus
335 4506 429 4573 annis
464 4499 660 4588 praecedat:
703 4502 838 4566 variatio
877 4502 958 4567 haec
992 4520 1052 4588 pro
1086 4503 1182 4577 anaia
1211 4502 1349 4573 duobus
1383 4509 1444 4572 erit
