3202 5168
767 259 842 357 148

155 439 380 507 innotescunt.
438 439 474 505 Si
495 441 525 503 i)
540 452 583 505 z
596 441 643 513 L.
664 450 749 505 tnnc
761 440 824 503 erit
837 439 884 500 fin
900 438 928 500 L
943 472 979 491 -
1001 435 1062 502 eos
1074 438 1102 502 Ι,
1118 448 1206 527 tang
1222 438 1260 503 D
1275 451 1324 506 ε’.
1339 462 1373 505 ο.
1429 443 1465 506 ln

158 550 224 610 boe
239 545 313 609 easu
328 548 487 610 correctio
503 547 592 609 nulla
617 546 730 609 loennr
746 546 862 619 babet,
885 544 977 632 quod
990 564 1046 611 me
1059 562 1134 609 non
1148 561 1326 612 monente
1343 548 1466 635 liquet,

161 644 322 738 quoniam
343 651 429 717 lidut
444 672 504 738 per
516 653 675 714 verticem
696 652 818 716 transt.

239 760 274 822 Si
294 760 421 831 D>L.
447 760 509 824 erit
531 760 632 820 etiam
652 755 750 823 cosi.
766 757 932 850 congii>
947 757 993 820 sin
1020 758 1066 829 L.
1101 770 1138 821 et
1162 761 1339 823 eorrectio
1360 777 1463 825 motat

159 865 305 949 ignum
327 864 421 951 qnod
439 863 611 928 necessario
632 866 766 928 evenire
793 864 912 937 debet,
934 864 1099 950 qnoniam
1119 864 1275 929 demine
1299 869 1462 930 verticalir

157 990 217 1055 per
232 971 353 1034 tubum
375 970 572 1055 descriptae,
601 971 688 1035 ultre
707 972 888 1046 verticem,
915 973 953 1034 in
975 970 1162 1057 oppositum
1186 970 1376 1036 meridiani
1394 994 1460 1058 per-

160 1092 230 1140 tem
251 1078 330 1141 abit.

240 1185 275 1247 Si
291 1184 333 1247 D
350 1197 393 1245 z
406 1181 482 1263 90⁶.
500 1185 661 1246 correctio
675 1181 809 1247 infinita
824 1181 880 1246 esi.
921 1177 1094 1255 Proiecto,
1118 1181 1210 1245 dves
1230 1186 1395 1249 minimae
1408 1187 1456 1249 de·

161 1293 301 1354 rittioni
319 1290 412 1353 locut
433 1287 581 1361 daretur,
610 1288 694 1362 fixa.
722 1310 807 1377 qnae
825 1288 1085 1352 declinationem
1102 1309 1143 1370 90
1167 1288 1341 1372 &eduum
1366 1295 1454 1355 babe-

162 1411 229 1470 ret,
252 1399 317 1460 hoc
330 1393 392 1466 eil,
423 1395 460 1455 in
488 1392 557 1479 ipso
580 1397 651 1481 poli
672 1409 801 1480 puncto
818 1395 996 1458 constituta
1021 1394 1120 1465 esset.
1157 1414 1342 1482 nunquam
1363 1396 1453 1461 salum

162 1502 385 1565 meridianum
405 1502 598 1586 attingeret;
634 1504 702 1564 imo
727 1501 794 1565 lixa
818 1504 911 1574 talio,
939 1501 960 1563 si
984 1503 1050 1563 boc
1066 1500 1142 1562 loco
1158 1501 1270 1586 posita
1284 1501 1377 1575 esset,
1395 1521 1449 1588 pro

163 1623 251 1671 meta
264 1604 444 1669 meridiana
456 1609 558 1687 (mire
572 1607 790 1689 me'rr'dienne)
810 1610 921 1672 baberi
936 1607 1057 1694 posset,
1087 1611 1186 1687 enjus
1207 1625 1279 1692 ope
1303 1608 1375 1671 tubi
1388 1627 1444 1670 me·

162 1714 281 1777 ridiani
309 1714 434 1797 absque
449 1712 518 1774 ullo
534 1711 661 1774 calculo
675 1714 841 1798 extemplo
857 1716 893 1776 in
910 1722 1019 1776 veram
1033 1711 1211 1774 meridiani
1236 1713 1442 1777 directionem

164 1821 284 1884 adduci
300 1831 468 1904 poterunt.
511 1817 607 1889 Fixa,
629 1819 794 1881 borealem
808 1819 931 1883 habene
948 1820 1230 1892 declinationem.
1254 1835 1291 1882 et
1308 1818 1363 1883 iub
1374 1821 1442 1905 polo

166 1927 373 1996 culminum,
395 1922 500 2009 poteii
513 1923 625 1984 baberi
640 1942 701 2007 pro
717 1925 799 1995 lixa.
814 1931 910 2005 cujut
926 1925 1066 1989 escensio
1083 1938 1171 1989 recta
1184 1939 1230 1993 .“.·.
1248 1929 1326 2004 rso·
1340 1927 1438 1997 ensi,

167 2050 201 2099 et
214 2039 309 2115 eujus
323 2030 502 2094 declinatio
523 2043 565 2091 ε’.
587 2031 661 2103 tno‘
683 2064 725 2080 -
746 2032 788 2094 D.
831 2033 871 2093 ln
887 2033 953 2096 boc
966 2030 1041 2095 casu
1057 2034 1138 2094 erit:

288 2160 1088 2247 attint-acori„nng(130·-n):unt÷
1099 2161 1339 2252 oosLtengn.

167 2301 230 2367 Pro
245 2301 309 2365 fixa
324 2299 451 2363 australi
471 2310 555 2380 tang
568 2295 609 2359 D
624 2294 665 2358 iit
685 2299 854 2381 negativa,
871 2312 905 2361 et
922 2320 944 2360 n
961 2299 1023 2362 erit
1037 2317 1197 2384 quoque:

430 2465 785 2554 iinL÷cosLtangD
809 2484 851 2535 ·.·.
872 2430 1113 2533 QID.

919 2535 977 2600 eos
992 2538 1023 2598 D

247 2668 356 2734 Potest
378 2687 622 2752 nonnunquam
646 2667 804 2740 evenire,
841 2682 881 2730 ut
903 2669 1158 2737 instrumentum
1180 2673 1442 2739 culminatorinu

169 2777 210 2843 ad
226 2775 374 2843 tmuslim
390 2777 425 2836 in
446 2774 649 2845 meridiano,
672 2771 726 2836 sed
740 2779 810 2853 eiua
826 2777 892 2838 axie
911 2796 981 2838 non
1002 2776 1039 2838 iit
1062 2777 1321 2845 horizontnliter
1342 2783 1444 2846 consil·

168 2901 274 2949 tntne.
316 2885 356 2945 ln
373 2883 439 2945 boc
460 2879 540 2943 slatu
554 2880 697 2942 deviatio
714 2882 855 2944 maxime
877 2883 916 2944 ab
938 2884 1124 2946 horizonti·
1145 2885 1248 2969 plano
1273 2891 1311 2951 in
1336 2890 1447 2952 vertice

169 2990 408 3061 locnmhabet,
430 3003 463 3050 et
483 2988 624 3072 aequalia
649 2986 692 3050 eil
709 2987 808 3072 ipsus
831 2992 898 3050 axio
925 2990 1148 3054 inclinationi.
1191 2993 1242 3057 Sit
1262 2993 1346 3060 haec
1363 2995 1448 3059 incli-

169 3103 262 3166 nario
283 3098 371 3170 :L
393 3097 454 3159 erit
469 3097 628 3158 correctio
644 3094 925 3157 culminationum
945 3094 1189 3161 observatorum

532 3225 1077 3312 :elmostssfintnngm

251 3366 392 3449 Signum
410 3361 513 3436 ÷,si
546 3363 612 3423 axia
633 3360 674 3424 nd
702 3375 830 3432 ortum,
854 3361 982 3444 signum
1009 3395 1069 3434 -.
1091 3364 1172 3430 srnd
1189 3366 1345 3433 occasum
1364 3372 1451 3435 incli-

170 3485 279 3535 natur.
321 3469 384 3531 Sed
400 3467 502 3551 probe
518 3465 721 3539 notandum,
745 3466 986 3532 observationes
1001 3488 1136 3555 propter
1156 3475 1244 3538 hanc
1267 3477 1451 3542 inclinatio·

170 3596 250 3640 nem
264 3592 413 3636 erroneos
429 3574 575 3655 primum
591 3575 797 3659 corrigendae
816 3576 894 3648 elle,
915 3579 1122 3662 priusquam
1148 3580 1190 3642 ad
1212 3580 1381 3645 calculum
1403 3585 1452 3647 de·

169 3680 326 3745 viationie
340 3678 552 3741 nmeridiano
573 3681 801 3744 adhibeantur.

248 3786 402 3847 Calculus
420 3787 475 3847 bic
491 3785 673 3850 brevissime
688 3787 882 3859 absolvitur,
912 3790 933 3849 fi
956 3792 990 3850 in
1011 3791 1209 3854 antecellunt
1229 3795 1453 3859 coedicientet

170 3918 191 3958 n
213 3907 247 3956 et
268 3914 298 3952 m
319 3912 379 3975 pro
401 3893 476 3952 loco
501 3890 577 3952 dato
604 3912 662 3974 per
678 3910 793 3975 omnes
816 3891 1045 3959 declinationis
1063 3898 1181 3981 gradun
1201 3917 1454 3984 computentur,

170 4013 270 4087 prout
286 3998 336 4062 cl.
357 3998 645 4061 DELAMBRE
657 4017 717 4082 pro
733 3997 909 4063 latitudine
929 4001 1075 4086 speculae
1089 4004 1248 4067 Parisvnae
1264 4009 1364 4071 talem
1380 4031 1453 4073 con·

170 4109 248 4173 secit
269 4105 484 4182 tabulam*).
547 4103 634 4165 Cum
663 4122 741 4166 vero
767 4103 806 4165 ad
838 4107 902 4170 boc
924 4111 1099 4193 negotium
1123 4110 1325 4177 ascensione,
1349 4132 1455 4180 „0220

169 4214 294 4280 XXXVI
315 4209 455 4272 fixarum
488 4207 539 4271 Cl·
559 4210 863 4274 MASIOELHOE
885 4215 1091 4299 potissimum
1106 4217 1246 4280 idoneae
1260 4221 1453 4287 videantur:

170 4319 307 4386 condidi
333 4319 368 4378 in
391 4317 483 4378 hunc
505 4313 609 4376 sineru
630 4316 775 4378 tabulam
797 4320 852 4383 bic
874 4324 1074 4407 appositam,
1096 4345 1181 4409 quae
1197 4325 1331 4388 exbibet
1346 4328 1455 4391 coessi·

169 4432 293 4492 cientea
320 4445 344 4488 n
364 4438 407 4489 τ’.
424 4421 470 4484 fin
488 4420 517 4482 L
538 4436 580 4490 -Τ-
596 4420 656 4486 cos
666 4423 693 4483 L
709 4437 788 4507 tang
802 4428 832 4488 D
855 4449 915 4514 pro
938 4430 1155 4507 deviatione,
1174 4443 1208 4497 et
1230 4432 1455 4498 caedicientet

233 4639 238 4656 ¹
258 4634 352 4691 Coun.
367 4629 415 4686 der
426 4644 513 4695 rems.
531 4648 567 4688 ru
583 4643 667 4704 1792.
683 4649 749 4709 pig.
763 4646 822 4702 osa
