3202 5168
673 306 752 384 ι79

84 466 188 529 larum
214 485 276 550 ope
298 464 518 531 aberrationes
542 465 576 524 in
607 462 824 526 ascensrouem
852 475 972 525 rectam
997 475 1029 524 et
1050 464 1084 524 in
1108 462 1365 526 declinationem

82 582 334 655 computantur,
356 573 483 655 aliaque
498 570 615 631 exinde
632 570 861 637 deducuntur,
884 590 968 652 quae
986 570 1021 628 in
1038 571 1102 631 hoc
1116 571 1250 652 negotio
1269 568 1364 631 astro·

83 696 263 738 atomorum
286 678 374 760 praxi
399 675 607 737 subveniunt.
651 676 760 743 Sunt,
784 677 842 758 qui
867 673 967 735 missis
987 678 1037 736 his
1060 676 1301 737 aberrationum
1322 675 1367 735 el·

83 782 228 864 lipsrbus.
247 781 428 843 doctrinam
445 784 529 842 lranc
543 783 654 864 potius
671 780 1047 862 analyticeprrtractent.
1090 780 1153 843 Sed
1170 781 1365 843 demonslra·

85 889 235 948 tionibus
255 889 304 948 his
328 885 532 970 supersedeo,
557 904 634 948 cum
652 886 721 946 illas
741 887 860 968 partim
882 888 917 947 in
934 887 984 949 ct.
1009 888 1082 948 DE
1104 888 1168 949 LA
1189 886 1365 949 LANDE

85 989 295 1079 Astronomia
314 992 370 1055 lib.
388 993 490 1062 XVII,
512 994 547 1052 in
571 993 724 1052 omnium
736 993 886 1052 manibus
901 990 1047 1053 versante
1064 1035 1072 1060 ,
1094 994 1264 1074 partimin
1287 991 1367 1052 alio·

86 1118 162 1159 rum
187 1099 459 1180 praelectionibus
483 1097 708 1160 astronomicis
722 1098 860 1159 ulterius
886 1099 982 1160 liceat
1002 1088 1193 1182 perspicere.
1235 1095 1364 1159 accedo

85 1207 199 1288 potius
215 1203 255 1264 ad
272 1203 370 1286 ipsam
388 1205 600 1265 aberratiouis
618 1205 778 1264 maximae
801 1206 992 1287 quantitatis
1016 1203 1285 1286 explorationem.

167 1308 418 1369 Observationes
432 1308 482 1370 Cl.
505 1310 761 1371 BRADLEJI
772 1353 782 1379 ,
814 1330 898 1392 quae
912 1310 1049 1372 luminis
1066 1309 1301 1370 aberrationem
1317 1307 1366 1367 in·

85 1415 243 1476 veniendi
258 1415 369 1475 locum
384 1413 519 1484 dedere,
550 1428 583 1476 et
601 1436 684 1499 quae
703 1416 737 1474 iu
759 1413 1047 1476 Trurrsoctionibus
1065 1402 1366 1504 phisofirpsu'cisso·

85 1522 217 1581 cietatss
235 1512 455 1610 fisenciurum
479 1540 544 1599 reg.
570 1518 774 1581 Londinenr.
805 1521 883 1580 anui
907 1537 981 1596 1728
1006 1519 1070 1580 No.
1086 1523 1146 1595 406
1167 1518 1312 1601 primurn
1328 1517 1366 1577 in

85 1625 195 1685 lucem
215 1623 381 1706 prodiere,
405 1625 579 1708 hucusque
601 1627 782 1697 anemine,
804 1625 895 1710 quod
916 1624 1032 1697 sciam,
1066 1625 1105 1686 ad
1128 1624 1291 1686 calculum
1313 1642 1366 1684 ex·

88 1729 290 1814 quifitiorem
313 1727 388 1788 sunt
410 1742 590 1791 revocatae.
652 1730 776 1793 Omnes
789 1730 964 1792 astronomi
986 1733 1021 1792 in
1042 1750 1082 1791 eo
1100 1727 1366 1814 acquiescebant,

88 1835 301 1897 aberrationie
325 1832 441 1914 ellipsis
463 1851 503 1908 40
524 1835 734 1896 minutorum
758 1835 999 1907 secundorum,
1022 1838 1086 1898 hoc
1104 1834 1167 1906 eil,
1189 1837 1367 1897 maximam

88 1955 122 2002 et
143 1933 327 2030 absolutum
347 1938 560 1999 aberrationis
581 1943 797 2025 quantitatem
820 1962 960 2003 numero
978 1941 1123 2004 rotundo
1146 1954 1188 2008 ζ
1204 1941 1257 2003 ao'
1289 1940 1368 2015 effe,

87 2066 172 2130 quae
187 2045 332 2127 denique
355 2041 394 2103 ad
411 2042 596 2125 eclipticam
619 2044 671 2104 vel
687 2043 726 2105 ad
746 2060 953 2129 aequatorem
976 2048 1089 2119 relata,
1117 2051 1238 2119 varias,
1265 2059 1367 2130 prout

87 2151 250 2213 stellarum
274 2138 356 2208 srtus'
375 2147 539 2230 postulat,
569 2149 812 2210 aberrationum
835 2153 1105 2235 inaequalitates,
1136 2153 1262 2215 calculo
1286 2152 1367 2214 desi·

85 2255 242 2323 niendas,
263 2250 428 2332 producit.
470 2252 676 2336 Exploranda
691 2255 802 2338 itaque
815 2256 910 2317 nobis
925 2259 1076 2340 inprimis
1091 2272 1159 2322 erat
1173 2277 1247 2321 vera
1264 2271 1296 2320 et
1312 2258 1367 2319 ab·

86 2361 193 2423 soluta
208 2355 419 2417 aberrationis
437 2355 535 2433 hujus
554 2359 729 2439 quantitas.
859 2365 862 2371 '

167 2463 279 2525 Refert
318 2459 367 2522 Cl.
398 2461 693 2526 BRADLEJVS
727 2465 762 2525 in
793 2464 956 2549 praedicta
983 2466 1037 2530 sua
1058 2469 1299 2541 dissertatione,
1334 2466 1366 2532 se

87 2575 222 2637 Sectore
248 2567 405 2630 zenithali
438 2568 655 2630 Grahamiano
687 2568 970 2656 duodecimpedali
1010 2580 1166 2639 maximas
1195 2595 1254 2661 per
1283 2573 1363 2638 anni

86 2675 260 2741 decursum
286 2673 443 2736 invenisse
466 2676 663 2737 variationes
691 2677 726 2737 in
750 2675 971 2744 declinatione
994 2681 1048 2763 39'
1077 2703 1136 2765 per
1156 2683 1322 2745 distantias
1347 2701 1366 2744 a

85 2785 208 2846 vertice
223 2779 326 2840 stellae
345 2781 559 2860 pDraconis3
597 2785 652 2855 36·
668 2804 726 2866 per
739 2814 753 2858 η
772 2783 867 2847 Ursae
880 2789 1031 2866 majoris;
1068 2789 1123 2866 34'
1145 2809 1201 2871 per
1215 2819 1231 2849 a
1245 2787 1364 2849 Cassio·

83 2909 183 2977 peae;
208 2886 260 2967 a3”
281 2903 337 2966 per
352 2914 367 2942 a
380 2883 502 2958 Persei;
526 2890 580 2962 25⁸
602 2908 660 2971 per
672 2922 688 2950 τ
705 2889 826 2965 Persei;
850 2893 904 2973 39'
923 2913 981 2976 per
994 2909 1011 2968 β
1025 2894 1203 2967 Draconis;
1235 2894 1289 2974 19'
1306 2913 1366 2976 per

86 3017 101 3072 3
108 3023 122 3078 ς
144 2986 444 3071 camelopardalim
490 2992 542 3055 16·
564 3012 622 3077 per
637 2993 828 3080 Capellam,
863 2997 954 3060 unde
974 3000 1188 3063 aberrationis
1216 2998 1366 3082 ellipseos

85 3118 179 3164 axem
200 3093 418 3160 concludebat
439 3112 498 3176 per

386 3285 408 3339 γ
428 3255 587 3316 Draconis
628 3300 844 3326 .....
884 3267 979 3343 40,'4

386 3358 525 3437 „Ursae
546 3360 677 3439 majoris
730 3403 741 3426 .
781 3407 792 3428 .
834 3409 845 3431 .
885 3386 979 3448 40,4

387 3495 405 3526 a
425 3463 610 3547 Casfiopeae
627 3507 842 3533 .....
883 3491 935 3552 40,
956 3492 975 3550 a

386 3601 404 3632 a
423 3567 529 3631 Persei
577 3611 847 3636 ......
888 3595 978 3655 40,2

387 3707 405 3737 e
424 3676 530 3738 Persei
574 3719 844 3742 ......
886 3701 936 3759 41,
958 3703 978 3744 ο

387 3796 407 3858 p
428 3782 588 3843 Draconis
629 3826 846 3848 .....
888 3806 938 3866 4ο,
962 3807 978 3850 a

390 3905 426 3962 35
450 3884 723 3971 camelopardalis
784 3934 794 3951 .
832 3937 843 3956 .
884 3910 975 3970 40,2

387 3989 556 4074 Capellam
624 4038 845 4061 .....
886 4016 937 4076 40,
957 4019 978 4059 ο

164 4149 321 4214 inslitnto
346 4148 457 4213 denuo
472 4155 537 4215 hoc
551 4154 696 4228 calculo,
717 4156 888 4221 elementis
904 4158 1079 4243 castigatis,
1102 4174 1135 4224 et
1155 4180 1193 4225 ex
1210 4166 1368 4228 recentio-

85 4280 163 4326 rum
183 4258 465 4322 observationibus
490 4264 658 4343 repetitis,
678 4282 755 4324 eum
776 4265 1011 4348 aliquantisper
1028 4286 1045 4328 a
1064 4268 1296 4336 Busnsarsno
1316 4271 1368 4332 ab·

85 4368 201 4431 ludere
221 4365 459 4446 comperimus3
482 4365 671 4451 sequentem
688 4387 764 4430 vero
788 4370 905 4432 calculi
921 4373 1119 4436 methodum
1128 4374 1228 4437 secuti
1245 4376 1367 4438 sumus.

85 4470 337 4555 Demonstratur
349 4469 461 4552 passim
483 4473 500 4540 (
510 4473 579 4534 DE
591 4472 652 4533 LA
673 4474 848 4542 LANDE
864 4475 996 4570 Astron.
1017 4480 1038 4562 sl
1058 4481 1173 4557 2868)
1193 4480 1369 4544 maximam

87 4581 126 4643 iu
145 4577 400 4644 declinationem
418 4579 656 4643 aberrationem
672 4580 750 4646 elle:
