3202 5168
792 258 876 321 110¹

181 470 184 477 ·
260 427 490 493 Fornaulamm
503 423 623 491 haman
646 444 686 490 ac
703 423 888 490 tabularum
903 429 1156 513 explicationem
1175 428 1226 495 ct.
1250 431 1466 498 CAMERA.

179 538 241 602 ils
241 538 276 601 V
277 538 302 601 S
321 534 428 597 verbio
444 535 488 596 ita
503 535 688 617 exequitur.

260 674 298 751 r)
318 669 358 730 ln
373 664 487 739 llellia,
509 684 650 750 quarum
666 663 845 727 declinatio
865 664 909 727 eli
925 665 965 728 de
980 668 1017 728 0⁰
1039 687 1148 752 neque
1157 669 1199 732 ad
1218 673 1292 750 45⁰,
1314 669 1467 735 ascensio·

179 795 257 839 nem
268 788 391 838 rectam
404 772 569 857 paulirper
584 771 741 831 variatam
756 771 832 854 plur
849 775 1037 835 variationis
1054 776 1088 834 in
1104 775 1345 849 aberrationem
1361 778 1465 841 ascen·

177 882 276 944 donia
299 893 406 944 rectae
426 874 561 947 inferre,
590 895 692 960 quam
716 875 973 941 declinationem
1001 877 1198 941 tantundem
1222 883 1408 945 variatam:
1430 886 1464 944 in

175 987 272 1051 sicllia
287 999 401 1048 contre
424 982 503 1067 polo
525 982 737 1065 propioribna
762 983 863 1068 longe
880 989 1038 1065 majorem
1053 987 1122 1046 vim
1137 985 1197 1047 eise
1212 993 1354 1053 variatae
1368 988 1464 1054 deoli·

175 1096 322 1158 nationia
341 1091 381 1153 ad
399 1087 587 1151 variandam
603 1088 843 1151 aberrationem
858 1088 1050 1153 ascenfionia
1073 1104 1189 1154 rectae.

260 1229 298 1304 a)
318 1221 508 1292 Summam,
523 1240 622 1305 quarn
637 1219 775 1283 ascensio
788 1238 883 1293 recta,
901 1241 970 1284 uno
986 1222 1088 1306 gradu
1099 1228 1229 1293 variata,
1245 1226 1382 1308 gignere
1396 1226 1463 1311 pos·

176 1333 232 1405 fit,
253 1329 470 1392 variationem
490 1326 526 1385 in
548 1326 751 1388 aberratione
764 1325 955 1389 ascensionis
983 1343 1088 1404 rectae
1110 1331 1169 1392 esse
1190 1335 1225 1391 in
1242 1331 1341 1394 sicllia
1357 1336 1462 1395 zodia·

176 1437 302 1502 calibua
324 1431 455 1509 0,'442,
477 1430 638 1493 summam
655 1433 869 1495 variationem
880 1435 916 1493 in
932 1432 1045 1495 eadem
1068 1436 1304 1498 aberrationec
1324 1437 1462 1500 declina·

174 1545 286 1612 tione,
301 1557 371 1600 uno
385 1537 487 1620 gradu
494 1539 615 1599 variata
623 1551 747 1608 ortam,
764 1537 823 1600 esse
833 1545 957 1617 o,'37r.
978 1540 1064 1602 Cum
1073 1560 1150 1602 vero
1161 1561 1336 1626 nunquam
1347 1544 1460 1607 eodem

173 1663 323 1730 tempore
339 1642 464 1705 summa
472 1644 606 1704 variatio
617 1644 655 1705 ab
665 1641 941 1706 ascenfionerecta
950 1646 1303 1730 atqueadecliuatione
1321 1649 1458 1712 oriunda

172 1753 287 1816 locum
307 1751 425 1812 babere
442 1748 536 1809 srmul
550 1747 668 1831 possit,
690 1748 849 1811 summam
869 1755 1102 1823 variationem,
1124 1773 1208 1837 quae
1220 1754 1261 1814 ab
1276 1753 1457 1816 ascenfione

171 1873 261 1924 recta
280 1856 374 1919 simul
396 1874 432 1916 ac
458 1853 681 1915 declinatione
702 1875 772 1917 uno
790 1856 893 1939 gradu
910 1860 1039 1919 variatio
1056 1861 1133 1920 oriri
1148 1859 1264 1942 possit,
1287 1860 1350 1920 elle
1370 1862 1456 1937 o,'56

172 1973 210 2033 in
226 1966 321 2030 [tellit
337 1960 570 2023 zodiacalibua.
612 1959 651 2021 In
668 1959 763 2022 llellia
777 1981 854 2022 vero
872 1963 958 2046 polis
978 1965 1188 2046 propioribua
1214 1966 1368 2028 videmus
1391 1987 1456 2028 ma·

170 2080 257 2159 joret
272 2073 373 2153 longe
386 2065 460 2127 freri
474 2066 670 2128 variationea
687 2068 899 2129 aberrationie
915 2066 1108 2129 ascensionis
1125 2085 1246 2142 rectae,
1277 2087 1310 2132 et
1327 2094 1354 2134 v.
1373 2091 1400 2132 c.
1415 2074 1451 2132 in

170 2182 287 2257 stellio,
310 2192 449 2262 quarum
464 2171 641 2232 declinatio
655 2171 698 2233 esl
715 2174 792 2248 80⁸,
813 2173 1031 2235 ascensionem
1056 2191 1177 2237 rectam
1193 2197 1264 2238 uno
1286 2176 1386 2261 gradu
1401 2198 1453 2239 va·

169 2291 286 2354 riatam
310 2282 437 2362 1,'952,
466 2277 723 2341 declinationem
746 2299 822 2341 vero
845 2298 913 2341 uno
931 2280 1031 2363 gradu
1048 2283 1203 2342 variatam
1219 2281 1301 2344 adeo
1329 2284 1452 2363 rr,'069

168 2392 360 2458 variationis
375 2384 494 2447 inferre
509 2385 597 2468 posse
612 2387 649 2446 in
662 2387 900 2446 aberrationem
924 2383 1115 2446 asccnbonie
1141 2401 1260 2451 rectae.
1301 2387 1453 2451 Conside-

168 2499 310 2563 randum
334 2507 443 2552 tamen
465 2489 508 2552 est
530 2491 629 2551 etiam
650 2489 757 2562 illud,
789 2490 889 2574 ipsam
913 2489 1131 2552 ascensionem
1152 2508 1275 2554 rectam
1300 2496 1337 2554 in
1361 2495 1450 2557 stellis

167 2604 249 2692 polo
265 2596 474 2684 propioribut
489 2592 670 2654 admodum
684 2593 854 2657 observatu
873 2595 1043 2657 difficilem
1067 2595 1146 2668 else,
1170 2597 1321 2684 adeoque
1345 2605 1380 2664 in
1403 2605 1449 2664 hie

168 2711 265 2776 sieilia
291 2701 507 2765 variationem
532 2698 745 2762 aberrationie
768 2703 803 2760 in
825 2700 1042 2764 ascensionem
1068 2715 1208 2774 rectam,
1231 2705 1253 2763 sa
1274 2707 1327 2767 vel
1343 2707 1449 2768 adali.

168 2830 253 2906 quot
267 2812 397 2874 minuta
414 2801 554 2867 secunda
570 2801 736 2879 ascendat,
760 2807 850 2869 baud
865 2807 947 2869 adeo
966 2809 1078 2891 magni
1094 2812 1258 2870 momenti
1274 2832 1346 2872 rem
1362 2813 1431 2878 else.

250 2975 288 3052 3)
309 2964 451 3031 Tabulas
465 2963 707 3027 aberrationum
724 2962 917 3028 ascenfiontr
932 2982 1038 3029 rectae
1052 2968 1087 3027 in
1106 2968 1262 3030 omnibut
1282 2967 1379 3033 slellia
1397 2989 1448 3032 uo·

167 3078 346 3144 diacalibua
363 3069 450 3156 polle
464 3071 591 3132 circiter
606 3075 643 3133 60
658 3089 762 3132 annot
786 3071 954 3144 adbiberi,
983 3088 1160 3158 autequam
1183 3076 1321 3137 variatio
1346 3076 1447 3139 ascen·

166 3186 266 3248 lionis
281 3194 386 3244 rectae
400 3190 433 3239 et
453 3174 683 3237 declinationis
701 3196 842 3241 errorem
861 3180 993 3240 dimidii
1008 3182 1131 3241 minuti
1151 3178 1286 3242 secundi
1311 3183 1446 3255 elliciat,

164 3289 260 3378 quod
274 3304 393 3369 nempe
410 3285 449 3347 60
465 3283 558 3343 annia
575 3279 713 3344 ascensio
730 3299 815 3346 recta
831 3287 928 3371 paulo
943 3286 1019 3371 pluo
1035 3305 1104 3348 uno
1127 3285 1248 3369 gradu,
1271 3286 1446 3349 declinatio

162 3411 277 3460 autem
305 3397 355 3454 ao‘
382 3390 497 3450 variari
518 3388 623 3471 potest
637 3394 672 3450 in
696 3389 790 3454 stellis
807 3394 1007 3465 borealibus,
1033 3412 1172 3478 quarum
1197 3390 1340 3454 ascensio
1364 3406 1446 3456 recta

160 3514 205 3568 z
228 3517 280 3575 2⁸,
301 3497 355 3560 vel
372 3498 406 3558 in
422 3493 518 3558 slellia
538 3491 746 3569 australibus,
769 3521 909 3584 quarum
924 3499 1061 3562 ascensio
1078 3513 1162 3560 recta
1181 3511 1293 3572 18⁸,
1315 3498 1352 3559 in
1382 3497 1446 3561 stel-

161 3607 203 3670 lia
219 3603 388 3690 aequaturi
404 3603 523 3663 vicinia
538 3614 687 3684 tempue,
719 3624 785 3687 quo
809 3608 878 3688 pari
902 3607 1109 3668 accuratione
1130 3603 1276 3666 adbiberi
1297 3616 1445 3688 queunt,

161 3710 223 3775 elle
239 3711 304 3773 sere
331 3728 387 3771 rao
408 3727 589 3778 annorum,
618 3709 739 3792 quibus
768 3709 906 3773 ascendo
928 3728 1014 3774 recta
1033 3711 1132 3795 paulo
1154 3708 1229 3793 plus
1250 3727 1321 3769 uuo
1345 3709 1445 3792 gradu

160 3837 241 3883 cum
255 3813 416 3887 dimidio,
439 3813 615 3876 declinatio
633 3828 743 3876 autem
758 3817 811 3892 40¹
838 3821 979 3878 variatur
994 3821 1029 3880 in
1048 3817 1161 3886 sicllia,
1183 3833 1326 3898 quarum
1341 3814 1445 3878 ascen·

161 3925 206 3988 sto
222 3936 309 3986 recta
328 3936 371 3986 Ξ
391 3937 446 3983 0³.
496 3920 642 3982 Tabulae
671 3919 914 3983 aberrationum
937 3922 1131 3984 ascensionis
1156 3934 1261 3981 rectae
1286 3920 1323 3979 in
1351 3920 1445 3983 sieilia

135 4028 139 4038 '
158 4031 240 4119 polo
266 4028 476 4114 propioribus
505 4023 525 4083 si
547 4045 605 4107 per
620 4026 753 4111 triginta
773 4046 877 4089 annos
893 4029 1125 4099 adhibeantur,
1146 4012 1283 4088 maximi
1302 4043 1444 4098 errorea,

159 4137 218 4222 qui
241 4152 280 4195 ex
299 4133 419 4191 variata
451 4131 671 4192 declinatione
697 4134 773 4193 oriri
795 4148 981 4217 poterunt,
1018 4146 1115 4198 erunt
1139 4149 1198 4218 pro
1221 4128 1445 4193 declinatione

158 4243 229 4319 μ’,
254 4240 381 4314 1‚'e49;
406 4237 533 4316 1.'792;
557 4242 684 4314 1.·rrr;
710 4239 839 4319 12'3953
864 4239 1297 4323 1.'170;0‚'944;0.'6s2;
1320 4237 1443 4314 0‚'316;

157 4365 282 4412 errorca
298 4354 425 4413 autem,
462 4345 519 4425 qui
536 4364 575 4404 ex
589 4347 709 4405 variata
729 4343 913 4408 ascenfione
927 4364 1013 4411 recta
1030 4351 1108 4410 oriri
1124 4354 1282 4430 poterunt
1308 4360 1372 4424 pro
1393 4342 1444 4404 de·

156 4453 337 4519 clinatione
360 4450 415 4521 80·
440 4449 575 4509 maximi
591 4463 713 4511 erunt:
738 4452 874 4528 z,'573;
899 4459 1027 4534 a‚'496;
1058 4459 1166 4527 2,”3g3
1183 4461 1245 4510 etc.
1282 4451 1344 4531 qui
1368 4466 1444 4511 cum

154 4556 504 4628 enoriburmaxtmir,
519 4573 538 4619 a
552 4555 773 4654 declinatione
791 4560 889 4633 ortia,
907 4579 1081 4644 nunquam
1095 4554 1281 4641 conspirare
1291 4554 1444 4639 possunt,
