<?xml version="1.0" encoding="UTF-8"?>
<!DOCTYPE html PUBLIC "-//W3C//DTD XHTML 1.0 Transitional//EN"
    "http://www.w3.org/TR/xhtml1/DTD/xhtml1-transitional.dtd">
<html xmlns="http://www.w3.org/1999/xhtml" xml:lang="en" lang="en">
 <head>
  <title>
</title>
<meta http-equiv="Content-Type" content="text/html;charset=utf-8" />
  <meta name='ocr-system' content='tesseract 3.04.00' />
  <meta name='ocr-capabilities' content='ocr_page ocr_carea ocr_par ocr_line ocrx_word'/>
</head>
<body>
  <div class='ocr_page' id='page_1' title='image "./tabvlaespeciale00zachgoog_0156.png"; bbox 0 0 3202 5168; ppageno 0'>
   <div class='ocr_carea' id='block_1_1' title="bbox 766 273 839 359">
    <p class='ocr_par' dir='ltr' id='par_1_1' title="bbox 766 273 839 359">
     <span class='ocr_line' id='line_1_1' title="bbox 766 273 839 359; baseline 0 0"><span class='ocrx_word' id='word_1_1' title='bbox 766 273 839 359; x_wconf 77' lang='lat'><strong>¹4⁵</strong></span> 
     </span>
    </p>
   </div>
   <div class='ocr_carea' id='block_1_2' title="bbox 114 439 1461 4354">
    <p class='ocr_par' dir='ltr' id='par_1_2' title="bbox 154 439 1448 738">
     <span class='ocr_line' id='line_1_2' title="bbox 155 439 1445 534; baseline 0.003 -27"><span class='ocrx_word' id='word_1_2' title='bbox 155 447 227 510; x_wconf 81' lang='lat' dir='ltr'><strong>veri</strong></span> <span class='ocrx_word' id='word_1_3' title='bbox 253 443 487 509; x_wconf 79' lang='lat' dir='ltr'><strong>deterruiuetio</strong></span> <span class='ocrx_word' id='word_1_4' title='bbox 517 439 743 528; x_wconf 69' lang='lat' dir='ltr'><strong>consequitur.</strong></span> <span class='ocrx_word' id='word_1_5' title='bbox 804 441 897 506; x_wconf 78' lang='lat' dir='ltr'><strong>ilinc</strong></span> <span class='ocrx_word' id='word_1_6' title='bbox 920 459 1045 527; x_wconf 85' lang='lat' dir='ltr'><strong>porro,</strong></span> <span class='ocrx_word' id='word_1_7' title='bbox 1077 441 1155 508; x_wconf 79' lang='lat' dir='ltr'><strong>dato</strong></span> <span class='ocrx_word' id='word_1_8' title='bbox 1180 459 1331 534; x_wconf 84' lang='lat' dir='ltr'><strong>tempore</strong></span> <span class='ocrx_word' id='word_1_9' title='bbox 1350 466 1445 521; x_wconf 85' lang='lat' dir='ltr'><strong>vero,</strong></span> 
     </span>
     <span class='ocr_line' id='line_1_3' title="bbox 154 545 1448 629; baseline 0.001 -16"><span class='ocrx_word' id='word_1_10' title='bbox 154 551 295 614; x_wconf 71' lang='lat' dir='ltr'><strong>ascensio</strong></span> <span class='ocrx_word' id='word_1_11' title='bbox 318 563 406 613; x_wconf 76' lang='lat' dir='ltr'><strong>recto</strong></span> <span class='ocrx_word' id='word_1_12' title='bbox 430 548 556 620; x_wconf 85' lang='lat' dir='ltr'><strong>sideria,</strong></span> <span class='ocrx_word' id='word_1_13' title='bbox 586 548 641 611; x_wconf 82' lang='lat' dir='ltr'><strong>vel</strong></span> <span class='ocrx_word' id='word_1_14' title='bbox 661 547 734 610; x_wconf 86' lang='lat' dir='ltr'><strong>‹lata</strong></span> <span class='ocrx_word' id='word_1_15' title='bbox 756 545 943 611; x_wconf 86' lang='lat' dir='ltr'><strong>ascensione</strong></span> <span class='ocrx_word' id='word_1_16' title='bbox 967 562 1055 612; x_wconf 85' lang='lat' dir='ltr'><strong>recta</strong></span> <span class='ocrx_word' id='word_1_17' title='bbox 1081 547 1177 629; x_wconf 82' lang='lat' dir='ltr'><strong>solie,</strong></span> <span class='ocrx_word' id='word_1_18' title='bbox 1197 551 1394 625; x_wconf 82' lang='lat' dir='ltr'><strong>haeclixoe,</strong></span> <span class='ocrx_word' id='word_1_19' title='bbox 1414 567 1448 614; x_wconf 85' lang='lat' dir='ltr'><strong>et</strong></span> 
     </span>
     <span class='ocr_line' id='line_1_4' title="bbox 155 651 1151 738; baseline 0.002 -22"><span class='ocrx_word' id='word_1_20' title='bbox 155 658 230 718; x_wconf 82' lang='lat' dir='ltr'><strong>data</strong></span> <span class='ocrx_word' id='word_1_21' title='bbox 245 657 346 736; x_wconf 84' lang='lat' dir='ltr'><strong>hujut</strong></span> <span class='ocrx_word' id='word_1_22' title='bbox 365 654 550 718; x_wconf 84' lang='lat' dir='ltr'><strong>ascensione</strong></span> <span class='ocrx_word' id='word_1_23' title='bbox 564 668 668 726; x_wconf 82' lang='lat' dir='ltr'><strong>recta,</strong></span> <span class='ocrx_word' id='word_1_24' title='bbox 689 654 745 715; x_wconf 82' lang='lat' dir='ltr'><strong>illa</strong></span> <span class='ocrx_word' id='word_1_25' title='bbox 764 652 838 716; x_wconf 83' lang='lat' dir='ltr'><strong>solie</strong></span> <span class='ocrx_word' id='word_1_26' title='bbox 861 651 994 716; x_wconf 82' lang='lat' dir='ltr'><strong>deliniri</strong></span> <span class='ocrx_word' id='word_1_27' title='bbox 1017 656 1151 738; x_wconf 83' lang='lat' dir='ltr'><strong>poterit.</strong></span> 
     </span>
    </p>

    <p class='ocr_par' dir='ltr' id='par_1_3' title="bbox 155 758 1450 1484">
     <span class='ocr_line' id='line_1_5' title="bbox 166 758 1448 848; baseline 0.002 -25"><span class='ocrx_word' id='word_1_28' title='bbox 166 840 167 844; x_wconf 7' lang='grc' dir='ltr'><strong>Ἰ</strong></span> <span class='ocrx_word' id='word_1_29' title='bbox 237 762 362 848; x_wconf 87' lang='lat' dir='ltr'><strong>Quodsi</strong></span> <span class='ocrx_word' id='word_1_30' title='bbox 377 775 488 825; x_wconf 79' lang='lat' dir='ltr'><strong>autem</strong></span> <span class='ocrx_word' id='word_1_31' title='bbox 508 761 610 824; x_wconf 84' lang='lat' dir='ltr'><strong>tubut</strong></span> <span class='ocrx_word' id='word_1_32' title='bbox 627 760 898 831; x_wconf 84' lang='lat' dir='ltr'><strong>culminatoriua,</strong></span> <span class='ocrx_word' id='word_1_33' title='bbox 920 760 973 821; x_wconf 85' lang='lat' dir='ltr'><strong>vel</strong></span> <span class='ocrx_word' id='word_1_34' title='bbox 987 758 1150 844; x_wconf 82' lang='lat' dir='ltr'><strong>quadram</strong></span> <span class='ocrx_word' id='word_1_35' title='bbox 1171 761 1305 824; x_wconf 74' lang='lat' dir='ltr'><strong>muralis</strong></span> <span class='ocrx_word' id='word_1_36' title='bbox 1324 762 1448 848; x_wconf 86' lang='lat' dir='ltr'><strong>inipso</strong></span> 
     </span>
     <span class='ocr_line' id='line_1_6' title="bbox 156 864 1450 952; baseline 0.003 -24"><span class='ocrx_word' id='word_1_37' title='bbox 156 867 333 929; x_wconf 85' lang='lat' dir='ltr'><strong>meridiani</strong></span> <span class='ocrx_word' id='word_1_38' title='bbox 354 867 454 952; x_wconf 83' lang='lat' dir='ltr'><strong>pleno</strong></span> <span class='ocrx_word' id='word_1_39' title='bbox 479 887 551 930; x_wconf 89' lang='lat' dir='ltr'><strong>non</strong></span> <span class='ocrx_word' id='word_1_40' title='bbox 577 867 615 931; x_wconf 86' lang='lat' dir='ltr'><strong>lit</strong></span> <span class='ocrx_word' id='word_1_41' title='bbox 634 865 832 929; x_wconf 79' lang='lat' dir='ltr'><strong>exactissime</strong></span> <span class='ocrx_word' id='word_1_42' title='bbox 848 864 1063 936; x_wconf 78' lang='lat' dir='ltr'><strong>conslilutua,</strong></span> <span class='ocrx_word' id='word_1_43' title='bbox 1093 865 1279 928; x_wconf 86' lang='lat' dir='ltr'><strong>dummodo</strong></span> <span class='ocrx_word' id='word_1_44' title='bbox 1302 869 1381 931; x_wconf 87' lang='lat' dir='ltr'><strong>haec</strong></span> <span class='ocrx_word' id='word_1_45' title='bbox 1396 870 1450 932; x_wconf 89' lang='lat' dir='ltr'><strong>de·</strong></span> 
     </span>
     <span class='ocr_line' id='line_1_7' title="bbox 155 969 1450 1060; baseline 0.002 -24"><span class='ocrx_word' id='word_1_46' title='bbox 155 977 262 1037; x_wconf 81' lang='lat' dir='ltr'><strong>viatio</strong></span> <span class='ocrx_word' id='word_1_47' title='bbox 277 993 346 1037; x_wconf 92' lang='lat' dir='ltr'><strong>non</strong></span> <span class='ocrx_word' id='word_1_48' title='bbox 369 974 509 1038; x_wconf 74' lang='lat' dir='ltr'><strong>neultra</strong></span> <span class='ocrx_word' id='word_1_49' title='bbox 529 971 671 1036; x_wconf 89' lang='lat' dir='ltr'><strong>modum</strong></span> <span class='ocrx_word' id='word_1_50' title='bbox 692 972 804 1042; x_wconf 80' lang='lat' dir='ltr'><strong>crassa,</strong></span> <span class='ocrx_word' id='word_1_51' title='bbox 828 971 968 1034; x_wconf 85' lang='lat' dir='ltr'><strong>siderum</strong></span> <span class='ocrx_word' id='word_1_52' title='bbox 988 969 1188 1036; x_wconf 71' lang='lat' dir='ltr'><strong>escensione·</strong></span> <span class='ocrx_word' id='word_1_53' title='bbox 1206 986 1312 1036; x_wconf 77' lang='lat' dir='ltr'><strong>rectae</strong></span> <span class='ocrx_word' id='word_1_54' title='bbox 1327 975 1450 1060; x_wconf 82' lang='lat' dir='ltr'><strong>absque</strong></span> 
     </span>
     <span class='ocr_line' id='line_1_8' title="bbox 156 1073 1449 1167; baseline -0.002 -23"><span class='ocrx_word' id='word_1_55' title='bbox 156 1082 229 1144; x_wconf 86' lang='lat' dir='ltr'><strong>ullo</strong></span> <span class='ocrx_word' id='word_1_56' title='bbox 246 1081 488 1167; x_wconf 87' lang='lat' dir='ltr'><strong>impedimento</strong></span> <span class='ocrx_word' id='word_1_57' title='bbox 513 1101 552 1144; x_wconf 85' lang='lat' dir='ltr'><strong>ex</strong></span> <span class='ocrx_word' id='word_1_58' title='bbox 579 1080 827 1165; x_wconf 81' lang='lat' dir='ltr'><strong>comparatione</strong></span> <span class='ocrx_word' id='word_1_59' title='bbox 849 1097 927 1140; x_wconf 92' lang='lat' dir='ltr'><strong>cum</strong></span> <span class='ocrx_word' id='word_1_60' title='bbox 943 1073 1041 1149; x_wconf 73' lang='lat' dir='ltr'><strong>lixis,</strong></span> <span class='ocrx_word' id='word_1_61' title='bbox 1071 1098 1156 1163; x_wconf 84' lang='lat' dir='ltr'><strong>qnae</strong></span> <span class='ocrx_word' id='word_1_62' title='bbox 1171 1079 1310 1141; x_wconf 85' lang='lat' dir='ltr'><strong>eandem</strong></span> <span class='ocrx_word' id='word_1_63' title='bbox 1325 1080 1449 1143; x_wconf 82' lang='lat' dir='ltr'><strong>hebent</strong></span> 
     </span>
     <span class='ocr_line' id='line_1_9' title="bbox 158 1172 1449 1272; baseline 0.003 -23"><span class='ocrx_word' id='word_1_64' title='bbox 158 1186 436 1260; x_wconf 75' lang='lat' dir='ltr'><strong>declinationem,</strong></span> <span class='ocrx_word' id='word_1_65' title='bbox 451 1172 628 1272; x_wconf 86' lang='lat' dir='ltr'><strong>¹poterunt</strong></span> <span class='ocrx_word' id='word_1_66' title='bbox 651 1185 801 1261; x_wconf 86' lang='lat' dir='ltr'><strong>desiniri;</strong></span> <span class='ocrx_word' id='word_1_67' title='bbox 826 1182 880 1248; x_wconf 85' lang='lat' dir='ltr'><strong>sed</strong></span> <span class='ocrx_word' id='word_1_68' title='bbox 905 1202 974 1245; x_wconf 91' lang='lat' dir='ltr'><strong>non</strong></span> <span class='ocrx_word' id='word_1_69' title='bbox 990 1186 1148 1266; x_wconf 82' lang='lat' dir='ltr'><strong>temporie</strong></span> <span class='ocrx_word' id='word_1_70' title='bbox 1163 1187 1232 1247; x_wconf 85' lang='lat' dir='ltr'><strong>veri</strong></span> <span class='ocrx_word' id='word_1_71' title='bbox 1254 1185 1449 1253; x_wconf 83' lang='lat' dir='ltr'><strong>determinr&#39;·</strong></span> 
     </span>
     <span class='ocr_line' id='line_1_10' title="bbox 159 1286 1449 1379; baseline 0.004 -24"><span class='ocrx_word' id='word_1_72' title='bbox 159 1295 228 1365; x_wconf 91' lang='lat' dir='ltr'><strong>tio,</strong></span> <span class='ocrx_word' id='word_1_73' title='bbox 251 1313 336 1379; x_wconf 86' lang='lat' dir='ltr'><strong>quae</strong></span> <span class='ocrx_word' id='word_1_74' title='bbox 360 1294 412 1356; x_wconf 86' lang='lat' dir='ltr'><strong>rel</strong></span> <span class='ocrx_word' id='word_1_75' title='bbox 431 1290 565 1357; x_wconf 84' lang='lat' dir='ltr'><strong>oliunde</strong></span> <span class='ocrx_word' id='word_1_76' title='bbox 588 1291 747 1376; x_wconf 81' lang='lat' dir='ltr'><strong>petenda,</strong></span> <span class='ocrx_word' id='word_1_77' title='bbox 770 1291 822 1354; x_wconf 85' lang='lat' dir='ltr'><strong>vel</strong></span> <span class='ocrx_word' id='word_1_78' title='bbox 843 1292 978 1373; x_wconf 82' lang='lat' dir='ltr'><strong>cognita</strong></span> <span class='ocrx_word' id='word_1_79' title='bbox 1001 1286 1211 1359; x_wconf 80' lang='lat' dir='ltr'><strong>instrumenti</strong></span> <span class='ocrx_word' id='word_1_80' title='bbox 1237 1296 1449 1360; x_wconf 82' lang='lat' dir='ltr'><strong>emeridiani</strong></span> 
     </span>
     <span class='ocr_line' id='line_1_11' title="bbox 158 1394 1338 1484; baseline 0.002 -26"><span class='ocrx_word' id='word_1_81' title='bbox 158 1397 477 1483; x_wconf 82' lang='lat' dir='ltr'><strong>planoderiatione,</strong></span> <span class='ocrx_word' id='word_1_82' title='bbox 497 1418 557 1483; x_wconf 85' lang='lat' dir='ltr'><strong>per</strong></span> <span class='ocrx_word' id='word_1_83' title='bbox 575 1396 738 1460; x_wconf 87' lang='lat' dir='ltr'><strong>calculum</strong></span> <span class='ocrx_word' id='word_1_84' title='bbox 760 1396 821 1477; x_wconf 91' lang='lat' dir='ltr'><strong>(de</strong></span> <span class='ocrx_word' id='word_1_85' title='bbox 839 1416 908 1484; x_wconf 88' lang='lat' dir='ltr'><strong>quo</strong></span> <span class='ocrx_word' id='word_1_86' title='bbox 925 1399 1024 1474; x_wconf 89' lang='lat' dir='ltr'><strong>mox)</strong></span> <span class='ocrx_word' id='word_1_87' title='bbox 1046 1394 1206 1459; x_wconf 81' lang='lat' dir='ltr'><strong>elicienda</strong></span> <span class='ocrx_word' id='word_1_88' title='bbox 1224 1399 1296 1461; x_wconf 90' lang='lat' dir='ltr'><strong>erit.</strong></span> <span class='ocrx_word' id='word_1_89' title='bbox 1335 1404 1338 1409; x_wconf 83' lang='lat'>&#39;</span> 
     </span>
    </p>

    <p class='ocr_par' dir='ltr' id='par_1_4' title="bbox 114 1501 1456 3600">
     <span class='ocr_line' id='line_1_12' title="bbox 240 1501 1450 1591; baseline 0.005 -25"><span class='ocrx_word' id='word_1_90' title='bbox 240 1505 292 1566; x_wconf 84' lang='lat' dir='ltr'><strong>Ex</strong></span> <span class='ocrx_word' id='word_1_91' title='bbox 305 1504 481 1591; x_wconf 76' lang='lat' dir='ltr'><strong>praedictio</strong></span> <span class='ocrx_word' id='word_1_92' title='bbox 498 1505 641 1589; x_wconf 84' lang='lat' dir='ltr'><strong>quisque</strong></span> <span class='ocrx_word' id='word_1_93' title='bbox 654 1501 834 1586; x_wconf 79' lang='lat' dir='ltr'><strong>intelliget,</strong></span> <span class='ocrx_word' id='word_1_94' title='bbox 856 1503 972 1585; x_wconf 83' lang='lat' dir='ltr'><strong>quanti</strong></span> <span class='ocrx_word' id='word_1_95' title='bbox 981 1503 1146 1563; x_wconf 88' lang='lat' dir='ltr'><strong>momenti</strong></span> <span class='ocrx_word' id='word_1_96' title='bbox 1156 1503 1193 1565; x_wconf 87' lang='lat' dir='ltr'><strong>sit</strong></span> <span class='ocrx_word' id='word_1_97' title='bbox 1209 1505 1244 1565; x_wconf 91' lang='lat' dir='ltr'><strong>in</strong></span> <span class='ocrx_word' id='word_1_98' title='bbox 1258 1507 1450 1587; x_wconf 85' lang='lat' dir='ltr'><strong>praxiallro·</strong></span> 
     </span>
     <span class='ocr_line' id='line_1_13' title="bbox 159 1607 1450 1694; baseline 0.004 -21"><span class='ocrx_word' id='word_1_99' title='bbox 159 1614 316 1685; x_wconf 84' lang='lat' dir='ltr'><strong>nomico,</strong></span> <span class='ocrx_word' id='word_1_100' title='bbox 342 1625 375 1674; x_wconf 86' lang='lat' dir='ltr'><strong>et</strong></span> <span class='ocrx_word' id='word_1_101' title='bbox 403 1609 477 1673; x_wconf 81' lang='lat' dir='ltr'><strong>solio</strong></span> <span class='ocrx_word' id='word_1_102' title='bbox 502 1622 616 1671; x_wconf 71' lang='lat' dir='ltr'><strong>motu·</strong></span> <span class='ocrx_word' id='word_1_103' title='bbox 635 1627 731 1670; x_wconf 81' lang='lat' dir='ltr'><strong>veroa</strong></span> <span class='ocrx_word' id='word_1_104' title='bbox 756 1622 789 1670; x_wconf 91' lang='lat' dir='ltr'><strong>et</strong></span> <span class='ocrx_word' id='word_1_105' title='bbox 811 1607 972 1669; x_wconf 85' lang='lat' dir='ltr'><strong>ilellarum</strong></span> <span class='ocrx_word' id='word_1_106' title='bbox 998 1607 1139 1670; x_wconf 87' lang='lat' dir='ltr'><strong>fixarum</strong></span> <span class='ocrx_word' id='word_1_107' title='bbox 1160 1609 1340 1694; x_wconf 74' lang='lat' dir='ltr'><strong>politiones</strong></span> <span class='ocrx_word' id='word_1_108' title='bbox 1363 1630 1450 1678; x_wconf 87' lang='lat' dir='ltr'><strong>recte</strong></span> 
     </span>
     <span class='ocr_line' id='line_1_14' title="bbox 159 1696 1449 1801; baseline 0.002 -21"><span class='ocrx_word' id='word_1_109' title='bbox 159 1696 309 1781; x_wconf 77' lang='lat' dir='ltr'><strong>statuere.</strong></span> <span class='ocrx_word' id='word_1_110' title='bbox 350 1715 499 1801; x_wconf 85' lang='lat' dir='ltr'><strong>Ideoque</strong></span> <span class='ocrx_word' id='word_1_111' title='bbox 513 1728 547 1779; x_wconf 89' lang='lat' dir='ltr'><strong>et</strong></span> <span class='ocrx_word' id='word_1_112' title='bbox 563 1715 660 1778; x_wconf 88' lang='lat' dir='ltr'><strong>nobia</strong></span> <span class='ocrx_word' id='word_1_113' title='bbox 675 1713 709 1776; x_wconf 90' lang='lat' dir='ltr'><strong>id</strong></span> <span class='ocrx_word' id='word_1_114' title='bbox 726 1713 851 1797; x_wconf 84' lang='lat' dir='ltr'><strong>semper</strong></span> <span class='ocrx_word' id='word_1_115' title='bbox 862 1713 983 1776; x_wconf 76' lang='lat' dir='ltr'><strong>laboris</strong></span> <span class='ocrx_word' id='word_1_116' title='bbox 1000 1710 1064 1776; x_wconf 91' lang='lat' dir='ltr'><strong>suit</strong></span> <span class='ocrx_word' id='word_1_117' title='bbox 1083 1729 1117 1777; x_wconf 90' lang='lat' dir='ltr'><strong>et</strong></span> <span class='ocrx_word' id='word_1_118' title='bbox 1139 1732 1254 1788; x_wconf 86' lang='lat' dir='ltr'><strong>curae,</strong></span> <span class='ocrx_word' id='word_1_119' title='bbox 1276 1718 1449 1800; x_wconf 87' lang='lat' dir='ltr'><strong>perfectio·</strong></span> 
     </span>
     <span class='ocr_line' id='line_1_15' title="bbox 160 1819 1451 1910; baseline 0.002 -25"><span class='ocrx_word' id='word_1_120' title='bbox 160 1845 231 1887; x_wconf 87' lang='lat' dir='ltr'><strong>rem</strong></span> <span class='ocrx_word' id='word_1_121' title='bbox 248 1824 322 1887; x_wconf 81' lang='lat' dir='ltr'><strong>solis</strong></span> <span class='ocrx_word' id='word_1_122' title='bbox 338 1825 500 1885; x_wconf 85' lang='lat' dir='ltr'><strong>theoriam</strong></span> <span class='ocrx_word' id='word_1_123' title='bbox 513 1841 686 1891; x_wconf 85' lang='lat' dir='ltr'><strong>exornate,</strong></span> <span class='ocrx_word' id='word_1_124' title='bbox 708 1834 741 1883; x_wconf 92' lang='lat' dir='ltr'><strong>et</strong></span> <span class='ocrx_word' id='word_1_125' title='bbox 757 1819 921 1882; x_wconf 80' lang='lat' dir='ltr'><strong>stellarum</strong></span> <span class='ocrx_word' id='word_1_126' title='bbox 936 1822 1154 1883; x_wconf 83' lang='lat' dir='ltr'><strong>inerrantium</strong></span> <span class='ocrx_word' id='word_1_127' title='bbox 1177 1821 1356 1904; x_wconf 77' lang='lat' dir='ltr'><strong>positiones</strong></span> <span class='ocrx_word' id='word_1_128' title='bbox 1380 1847 1451 1910; x_wconf 89' lang='lat' dir='ltr'><strong>per·</strong></span> 
     </span>
     <span class='ocr_line' id='line_1_16' title="bbox 160 1923 1451 2016; baseline 0.001 -25"><span class='ocrx_word' id='word_1_129' title='bbox 160 1931 280 2016; x_wconf 86' lang='lat' dir='ltr'><strong>polire.</strong></span> <span class='ocrx_word' id='word_1_130' title='bbox 322 1929 532 2016; x_wconf 77' lang='lat' dir='ltr'><strong>Quapropter</strong></span> <span class='ocrx_word' id='word_1_131' title='bbox 556 1927 696 1989; x_wconf 82' lang='lat' dir='ltr'><strong>lixarum</strong></span> <span class='ocrx_word' id='word_1_132' title='bbox 718 1924 980 1997; x_wconf 71' lang='lat' dir='ltr'><strong>observationes,</strong></span> <span class='ocrx_word' id='word_1_133' title='bbox 997 1923 1184 2010; x_wconf 83' lang='lat' dir='ltr'><strong>praesertim</strong></span> <span class='ocrx_word' id='word_1_134' title='bbox 1200 1946 1337 2002; x_wconf 88' lang='lat' dir='ltr'><strong>earum,</strong></span> <span class='ocrx_word' id='word_1_135' title='bbox 1367 1952 1451 2016; x_wconf 85' lang='lat' dir='ltr'><strong>quae</strong></span> 
     </span>
     <span class='ocr_line' id='line_1_17' title="bbox 163 2031 1450 2121; baseline 0.003 -24"><span class='ocrx_word' id='word_1_136' title='bbox 163 2038 250 2099; x_wconf 83' lang='lat' dir='ltr'><strong>intra</strong></span> <span class='ocrx_word' id='word_1_137' title='bbox 277 2036 456 2098; x_wconf 81' lang='lat' dir='ltr'><strong>zodiacum</strong></span> <span class='ocrx_word' id='word_1_138' title='bbox 476 2035 714 2104; x_wconf 89' lang='lat' dir='ltr'><strong>continentur,</strong></span> <span class='ocrx_word' id='word_1_139' title='bbox 742 2051 759 2093; x_wconf 86' lang='lat' dir='ltr'><strong>t</strong></span> <span class='ocrx_word' id='word_1_140' title='bbox 781 2031 860 2094; x_wconf 81' lang='lat' dir='ltr'><strong>luna</strong></span> <span class='ocrx_word' id='word_1_141' title='bbox 880 2033 1011 2117; x_wconf 87' lang='lat' dir='ltr'><strong>obtegi,</strong></span> <span class='ocrx_word' id='word_1_142' title='bbox 1047 2045 1080 2093; x_wconf 88' lang='lat' dir='ltr'><strong>ct</strong></span> <span class='ocrx_word' id='word_1_143' title='bbox 1103 2046 1190 2094; x_wconf 86' lang='lat' dir='ltr'><strong>arcte</strong></span> <span class='ocrx_word' id='word_1_144' title='bbox 1211 2052 1288 2095; x_wconf 87' lang='lat' dir='ltr'><strong>cum</strong></span> <span class='ocrx_word' id='word_1_145' title='bbox 1309 2036 1450 2121; x_wconf 69' lang='lat' dir='ltr'><strong>planetis</strong></span> 
     </span>
     <span class='ocr_line' id='line_1_18' title="bbox 163 2114 1451 2226; baseline 0 -21"><span class='ocrx_word' id='word_1_146' title='bbox 163 2143 328 2224; x_wconf 87' lang='lat' dir='ltr'><strong>conjungi</strong></span> <span class='ocrx_word' id='word_1_147' title='bbox 373 2140 532 2226; x_wconf 86' lang='lat' dir='ltr'><strong>possunt,</strong></span> <span class='ocrx_word' id='word_1_148' title='bbox 573 2142 609 2202; x_wconf 89' lang='lat' dir='ltr'><strong>iu</strong></span> <span class='ocrx_word' id='word_1_149' title='bbox 652 2138 778 2224; x_wconf 79' lang='lat' dir='ltr'><strong>speculo</strong></span> <span class='ocrx_word' id='word_1_150' title='bbox 815 2114 1031 2203; x_wconf 65' lang='lat' dir='ltr'><strong>annuerim</strong></span> <span class='ocrx_word' id='word_1_151' title='bbox 1061 2136 1284 2220; x_wconf 85' lang='lat' dir='ltr'><strong>Seebergensr,</strong></span> <span class='ocrx_word' id='word_1_152' title='bbox 1322 2140 1451 2210; x_wconf 88' lang='lat' dir='ltr'><strong>summu</strong></span> 
     </span>
     <span class='ocr_line' id='line_1_19' title="bbox 165 2242 1452 2330; baseline -0.004 -23"><span class='ocrx_word' id='word_1_153' title='bbox 165 2266 246 2309; x_wconf 90' lang='lat' dir='ltr'><strong>cum</strong></span> <span class='ocrx_word' id='word_1_154' title='bbox 262 2242 368 2305; x_wconf 86' lang='lat' dir='ltr'><strong>lludio</strong></span> <span class='ocrx_word' id='word_1_155' title='bbox 383 2245 551 2327; x_wconf 71' lang='lat' dir='ltr'><strong>exegimus</strong></span> <span class='ocrx_word' id='word_1_156' title='bbox 567 2242 608 2303; x_wconf 83' lang='lat' dir='ltr'><strong>ad</strong></span> <span class='ocrx_word' id='word_1_157' title='bbox 622 2243 742 2303; x_wconf 89' lang='lat' dir='ltr'><strong>tubum</strong></span> <span class='ocrx_word' id='word_1_158' title='bbox 763 2244 983 2307; x_wconf 85' lang='lat' dir='ltr'><strong>meridianum</strong></span> <span class='ocrx_word' id='word_1_159' title='bbox 1001 2257 1077 2304; x_wconf 89' lang='lat' dir='ltr'><strong>octo</strong></span> <span class='ocrx_word' id='word_1_160' title='bbox 1091 2243 1237 2326; x_wconf 87' lang='lat' dir='ltr'><strong>pedum,</strong></span> <span class='ocrx_word' id='word_1_161' title='bbox 1265 2263 1350 2330; x_wconf 74' lang='lat' dir='ltr'><strong>opus</strong></span> <span class='ocrx_word' id='word_1_162' title='bbox 1370 2254 1452 2316; x_wconf 88' lang='lat' dir='ltr'><strong>cele.</strong></span> 
     </span>
     <span class='ocr_line' id='line_1_20' title="bbox 164 2347 1453 2434; baseline 0.005 -20"><span class='ocrx_word' id='word_1_163' title='bbox 164 2352 302 2414; x_wconf 87' lang='lat' dir='ltr'><strong>berrimi</strong></span> <span class='ocrx_word' id='word_1_164' title='bbox 316 2349 518 2433; x_wconf 82' lang='lat' dir='ltr'><strong>orgouopoei</strong></span> <span class='ocrx_word' id='word_1_165' title='bbox 546 2347 832 2419; x_wconf 78' lang='lat' dir='ltr'><strong><em>RAMSDENI,</em></strong></span> <span class='ocrx_word' id='word_1_166' title='bbox 861 2351 1015 2413; x_wconf 82' lang='lat' dir='ltr'><strong>exomni</strong></span> <span class='ocrx_word' id='word_1_167' title='bbox 1037 2363 1126 2434; x_wconf 90' lang='lat' dir='ltr'><strong>parte</strong></span> <span class='ocrx_word' id='word_1_168' title='bbox 1144 2347 1239 2413; x_wconf 84' lang='lat' dir='ltr'><strong>facile</strong></span> <span class='ocrx_word' id='word_1_169' title='bbox 1263 2352 1453 2420; x_wconf 76' lang='lat' dir='ltr'><strong>absolutissi-</strong></span> 
     </span>
     <span class='ocr_line' id='line_1_21' title="bbox 154 2453 1453 2542; baseline 0.007 -24"><span class='ocrx_word' id='word_1_170' title='bbox 154 2476 281 2529; x_wconf 84' lang='lat' dir='ltr'><strong>mum,</strong></span> <span class='ocrx_word' id='word_1_171' title='bbox 303 2468 336 2517; x_wconf 90' lang='lat' dir='ltr'><strong>et</strong></span> <span class='ocrx_word' id='word_1_172' title='bbox 358 2453 577 2518; x_wconf 80' lang='lat' dir='ltr'><strong>fundamento</strong></span> <span class='ocrx_word' id='word_1_173' title='bbox 603 2454 826 2524; x_wconf 85' lang='lat' dir='ltr'><strong>immutabili,</strong></span> <span class='ocrx_word' id='word_1_174' title='bbox 853 2455 1065 2518; x_wconf 76' lang='lat' dir='ltr'><strong>validissimae</strong></span> <span class='ocrx_word' id='word_1_175' title='bbox 1088 2457 1214 2518; x_wconf 70' lang='lat' dir='ltr'><strong>montis</strong></span> <span class='ocrx_word' id='word_1_176' title='bbox 1237 2460 1312 2542; x_wconf 87' lang='lat' dir='ltr'><strong>rupi</strong></span> <span class='ocrx_word' id='word_1_177' title='bbox 1337 2463 1453 2528; x_wconf 88' lang='lat' dir='ltr'><strong>imme·</strong></span> 
     </span>
     <span class='ocr_line' id='line_1_22' title="bbox 165 2558 1454 2649; baseline 0.009 -26"><span class='ocrx_word' id='word_1_178' title='bbox 165 2563 255 2624; x_wconf 82' lang='lat' dir='ltr'><strong>‹liate</strong></span> <span class='ocrx_word' id='word_1_179' title='bbox 272 2562 503 2637; x_wconf 83' lang='lat' dir='ltr'><strong>incumbenti,</strong></span> <span class='ocrx_word' id='word_1_180' title='bbox 524 2558 705 2622; x_wconf 82' lang='lat' dir='ltr'><strong>firmatum.</strong></span> <span class='ocrx_word' id='word_1_181' title='bbox 747 2561 970 2644; x_wconf 83' lang='lat' dir='ltr'><strong>Horologium</strong></span> <span class='ocrx_word' id='word_1_182' title='bbox 986 2560 1238 2635; x_wconf 85' lang='lat' dir='ltr'><strong>oscillatorium,</strong></span> <span class='ocrx_word' id='word_1_183' title='bbox 1260 2585 1327 2649; x_wconf 92' lang='lat' dir='ltr'><strong>quo</strong></span> <span class='ocrx_word' id='word_1_184' title='bbox 1343 2569 1383 2631; x_wconf 87' lang='lat' dir='ltr'><strong>od</strong></span> <span class='ocrx_word' id='word_1_185' title='bbox 1400 2571 1454 2635; x_wconf 87' lang='lat' dir='ltr'><strong>de·</strong></span> 
     </span>
     <span class='ocr_line' id='line_1_23' title="bbox 166 2662 1453 2759; baseline 0.006 -29"><span class='ocrx_word' id='word_1_186' title='bbox 166 2662 390 2732; x_wconf 72' lang='lat' dir='ltr'><strong>&#39;terminandae</strong></span> <span class='ocrx_word' id='word_1_187' title='bbox 404 2670 461 2730; x_wconf 82' lang='lat' dir='ltr'><strong>har</strong></span> <span class='ocrx_word' id='word_1_188' title='bbox 476 2665 617 2729; x_wconf 79' lang='lat' dir='ltr'><strong>fixarum</strong></span> <span class='ocrx_word' id='word_1_189' title='bbox 634 2663 835 2728; x_wconf 80' lang='lat' dir='ltr'><strong>ascensioner</strong></span> <span class='ocrx_word' id='word_1_190' title='bbox 856 2680 959 2729; x_wconf 79' lang='lat' dir='ltr'><strong>rectae</strong></span> <span class='ocrx_word' id='word_1_191' title='bbox 977 2668 1024 2730; x_wconf 85' lang='lat' dir='ltr'><strong>uli</strong></span> <span class='ocrx_word' id='word_1_192' title='bbox 1048 2667 1178 2740; x_wconf 83' lang='lat' dir='ltr'><strong>sumus,</strong></span> <span class='ocrx_word' id='word_1_193' title='bbox 1200 2671 1453 2759; x_wconf 87' lang='lat' dir='ltr'><strong>horologiopoei</strong></span> 
     </span>
     <span class='ocr_line' id='line_1_24' title="bbox 166 2771 1454 2860; baseline 0.003 -19"><span class='ocrx_word' id='word_1_194' title='bbox 166 2775 304 2860; x_wconf 80' lang='lat' dir='ltr'><strong>Angliae</strong></span> <span class='ocrx_word' id='word_1_195' title='bbox 320 2771 558 2836; x_wconf 73' lang='lat' dir='ltr'><strong>celebratissimi</strong></span> <span class='ocrx_word' id='word_1_196' title='bbox 578 2774 682 2836; x_wconf 87' lang='lat' dir='ltr'><strong>ARN</strong></span> <span class='ocrx_word' id='word_1_197' title='bbox 689 2772 822 2837; x_wconf 87' lang='lat' dir='ltr'><em>OLDI</em></span> <span class='ocrx_word' id='word_1_198' title='bbox 835 2791 918 2858; x_wconf 85' lang='lat' dir='ltr'><strong>opua</strong></span> <span class='ocrx_word' id='word_1_199' title='bbox 935 2771 1266 2857; x_wconf 74' lang='lat' dir='ltr'><strong>ellpersectissrmum.</strong></span> <span class='ocrx_word' id='word_1_200' title='bbox 1308 2783 1454 2845; x_wconf 77' lang='lat' dir='ltr'><strong>Ancurae</strong></span> 
     </span>
     <span class='ocr_line' id='line_1_25' title="bbox 168 2877 1455 2974; baseline 0.003 -28"><span class='ocrx_word' id='word_1_201' title='bbox 168 2883 407 2974; x_wconf 65' lang='lat' dir='ltr'><strong>(irahamianae</strong></span> <span class='ocrx_word' id='word_1_202' title='bbox 428 2880 560 2942; x_wconf 82' lang='lat' dir='ltr'><strong>brachio</strong></span> <span class='ocrx_word' id='word_1_203' title='bbox 579 2878 788 2940; x_wconf 84' lang='lat' dir='ltr'><strong>adamantina</strong></span> <span class='ocrx_word' id='word_1_204' title='bbox 804 2878 963 2965; x_wconf 83' lang='lat' dir='ltr'><strong>applicata</strong></span> <span class='ocrx_word' id='word_1_205' title='bbox 978 2877 1071 2953; x_wconf 89' lang='lat' dir='ltr'><strong>suut,</strong></span> <span class='ocrx_word' id='word_1_206' title='bbox 1092 2894 1306 2969; x_wconf 83' lang='lat' dir='ltr'><strong>rotarumque</strong></span> <span class='ocrx_word' id='word_1_207' title='bbox 1332 2906 1405 2950; x_wconf 71' lang='lat' dir='ltr'><strong>exea</strong></span> <span class='ocrx_word' id='word_1_208' title='bbox 1418 2889 1455 2950; x_wconf 90' lang='lat' dir='ltr'><strong>in</strong></span> 
     </span>
     <span class='ocr_line' id='line_1_26' title="bbox 169 2981 1455 3075; baseline -0.003 -21"><span class='ocrx_word' id='word_1_209' title='bbox 169 2986 380 3055; x_wconf 74' lang='lat' dir='ltr'><strong>carbunculis</strong></span> <span class='ocrx_word' id='word_1_210' title='bbox 395 2986 579 3047; x_wconf 75' lang='lat' dir='ltr'><strong>volvuntur</strong></span> <span class='ocrx_word' id='word_1_211' title='bbox 596 2981 846 3068; x_wconf 81' lang='lat' dir='ltr'><strong>expolitissrmir.</strong></span> <span class='ocrx_word' id='word_1_212' title='bbox 889 2981 1086 3047; x_wconf 87' lang='lat' dir='ltr'><strong>lnstmctum</strong></span> <span class='ocrx_word' id='word_1_213' title='bbox 1103 2986 1146 3049; x_wconf 78' lang='lat' dir='ltr'><strong>eli</strong></span> <span class='ocrx_word' id='word_1_214' title='bbox 1163 2990 1228 3052; x_wconf 92' lang='lat' dir='ltr'><strong>hoc</strong></span> <span class='ocrx_word' id='word_1_215' title='bbox 1242 2991 1455 3075; x_wconf 82' lang='lat' dir='ltr'><strong>horologium</strong></span> 
     </span>
     <span class='ocr_line' id='line_1_27' title="bbox 169 3073 1456 3185; baseline 0.002 -26"><span class='ocrx_word' id='word_1_216' title='bbox 169 3117 269 3185; x_wconf 85' lang='lat' dir='ltr'><strong>porro</strong></span> <span class='ocrx_word' id='word_1_217' title='bbox 286 3091 453 3179; x_wconf 88' lang='lat' dir='ltr'><strong>pendulo,</strong></span> <span class='ocrx_word' id='word_1_218' title='bbox 473 3073 670 3173; x_wconf 38' lang='lat' dir='ltr'><strong>virgulio&#39;ex</strong></span> <span class='ocrx_word' id='word_1_219' title='bbox 685 3090 782 3152; x_wconf 85' lang='lat' dir='ltr'><strong>ainco</strong></span> <span class='ocrx_word' id='word_1_220' title='bbox 800 3103 888 3152; x_wconf 91' lang='lat' dir='ltr'><strong>etex</strong></span> <span class='ocrx_word' id='word_1_221' title='bbox 909 3091 1046 3172; x_wconf 78' lang='lat' dir='ltr'><strong>chalybe</strong></span> <span class='ocrx_word' id='word_1_222' title='bbox 1063 3095 1263 3177; x_wconf 81' lang='lat' dir='ltr'><strong>composito,</strong></span> <span class='ocrx_word' id='word_1_223' title='bbox 1292 3097 1407 3159; x_wconf 74' lang='lat' dir='ltr'><strong>caloris</strong></span> <span class='ocrx_word' id='word_1_224' title='bbox 1421 3112 1456 3161; x_wconf 89' lang='lat' dir='ltr'><strong>et</strong></span> 
     </span>
     <span class='ocr_line' id='line_1_28' title="bbox 114 3193 1455 3288; baseline 0.001 -22"><span class='ocrx_word' id='word_1_225' title='bbox 114 3198 118 3207; x_wconf 79' lang='lat'>&#39;</span> <span class='ocrx_word' id='word_1_226' title='bbox 171 3202 302 3288; x_wconf 83' lang='lat' dir='ltr'><strong>srigorie</strong></span> <span class='ocrx_word' id='word_1_227' title='bbox 319 3197 475 3262; x_wconf 82' lang='lat' dir='ltr'><strong>ellectum</strong></span> <span class='ocrx_word' id='word_1_228' title='bbox 489 3216 548 3281; x_wconf 90' lang='lat' dir='ltr'><strong>per</strong></span> <span class='ocrx_word' id='word_1_229' title='bbox 562 3193 592 3257; x_wconf 93' lang='lat' dir='ltr'><strong>se</strong></span> <span class='ocrx_word' id='word_1_230' title='bbox 607 3197 810 3279; x_wconf 83' lang='lat' dir='ltr'><strong>corrigente,</strong></span> <span class='ocrx_word' id='word_1_231' title='bbox 828 3195 917 3260; x_wconf 83' lang='lat' dir='ltr'><strong>etad</strong></span> <span class='ocrx_word' id='word_1_232' title='bbox 933 3196 1065 3260; x_wconf 83' lang='lat' dir='ltr'><strong>diurnas</strong></span> <span class='ocrx_word' id='word_1_233' title='bbox 1081 3196 1221 3262; x_wconf 84' lang='lat' dir='ltr'><strong>lixarum</strong></span> <span class='ocrx_word' id='word_1_234' title='bbox 1231 3203 1455 3268; x_wconf 66' lang='lat' dir='ltr'><strong>revolutiones</strong></span> 
     </span>
     <span class='ocr_line' id='line_1_29' title="bbox 170 3301 1456 3394; baseline 0 -20"><span class='ocrx_word' id='word_1_235' title='bbox 170 3320 376 3394; x_wconf 67' lang='lat' dir='ltr'><strong>temperem</strong></span> <span class='ocrx_word' id='word_1_236' title='bbox 398 3325 437 3367; x_wconf 81' lang='lat' dir='ltr'><strong>ex</strong></span> <span class='ocrx_word' id='word_1_237' title='bbox 452 3324 517 3391; x_wconf 84' lang='lat' dir='ltr'><strong>quo</strong></span> <span class='ocrx_word' id='word_1_238' title='bbox 532 3301 826 3364; x_wconf 78' lang='lat' dir='ltr'><strong>instrumentorum</strong></span> <span class='ocrx_word' id='word_1_239' title='bbox 848 3301 1170 3387; x_wconf 83' lang='lat' dir='ltr'><strong>exquifitilfimorum</strong></span> <span class='ocrx_word' id='word_1_240' title='bbox 1188 3320 1261 3369; x_wconf 88' lang='lat' dir='ltr'><strong>tum</strong></span> <span class='ocrx_word' id='word_1_241' title='bbox 1284 3305 1456 3392; x_wconf 84' lang='lat' dir='ltr'><strong>perfectio·</strong></span> 
     </span>
     <span class='ocr_line' id='line_1_30' title="bbox 170 3404 1456 3494; baseline 0.002 -17"><span class='ocrx_word' id='word_1_242' title='bbox 170 3438 233 3490; x_wconf 83' lang='lat' dir='ltr'><strong>ne,</strong></span> <span class='ocrx_word' id='word_1_243' title='bbox 252 3430 326 3477; x_wconf 90' lang='lat' dir='ltr'><strong>tum</strong></span> <span class='ocrx_word' id='word_1_244' title='bbox 340 3408 711 3494; x_wconf 84' lang='lat' dir='ltr'><strong>sirmisiimapoiitione,</strong></span> <span class='ocrx_word' id='word_1_245' title='bbox 733 3404 1187 3473; x_wconf 75' lang='lat' dir='ltr'><strong>oblewationumnoslrarum</strong></span> <span class='ocrx_word' id='word_1_246' title='bbox 1195 3415 1358 3479; x_wconf 82' lang='lat' dir='ltr'><strong>accuratio</strong></span> <span class='ocrx_word' id='word_1_247' title='bbox 1368 3415 1456 3479; x_wconf 84' lang='lat' dir='ltr'><strong>aelli·</strong></span> 
     </span>
     <span class='ocr_line' id='line_1_31' title="bbox 171 3510 615 3600; baseline -0.025 -12"><span class='ocrx_word' id='word_1_248' title='bbox 171 3510 256 3589; x_wconf 81' lang='lat' dir='ltr'><strong>mari</strong></span> <span class='ocrx_word' id='word_1_249' title='bbox 277 3535 311 3584; x_wconf 90' lang='lat' dir='ltr'><strong>et</strong></span> <span class='ocrx_word' id='word_1_250' title='bbox 326 3516 465 3600; x_wconf 78' lang='lat' dir='ltr'><strong>judicati</strong></span> <span class='ocrx_word' id='word_1_251' title='bbox 479 3517 615 3600; x_wconf 84' lang='lat' dir='ltr'><strong>poterit.</strong></span> 
     </span>
    </p>

    <p class='ocr_par' dir='ltr' id='par_1_5' title="bbox 169 3619 1461 4354">
     <span class='ocr_line' id='line_1_32' title="bbox 253 3619 1459 3712; baseline 0.002 -23"><span class='ocrx_word' id='word_1_252' title='bbox 253 3626 414 3712; x_wconf 76' lang='lat' dir='ltr'><strong>Qiramvie</strong></span> <span class='ocrx_word' id='word_1_253' title='bbox 437 3622 538 3685; x_wconf 84' lang='lat' dir='ltr'><strong>tuboe</strong></span> <span class='ocrx_word' id='word_1_254' title='bbox 564 3619 833 3695; x_wconf 80' lang='lat' dir='ltr'><strong>culminatoriue,</strong></span> <span class='ocrx_word' id='word_1_255' title='bbox 856 3625 951 3702; x_wconf 85' lang='lat' dir='ltr'><strong>cujue</strong></span> <span class='ocrx_word' id='word_1_256' title='bbox 973 3622 1040 3684; x_wconf 78' lang='lat' dir='ltr'><strong>exie</strong></span> <span class='ocrx_word' id='word_1_257' title='bbox 1057 3620 1120 3685; x_wconf 85' lang='lat' dir='ltr'><strong>five</strong></span> <span class='ocrx_word' id='word_1_258' title='bbox 1135 3643 1194 3707; x_wconf 87' lang='lat' dir='ltr'><strong>per</strong></span> <span class='ocrx_word' id='word_1_259' title='bbox 1206 3623 1366 3702; x_wconf 77' lang='lat' dir='ltr'><strong>libellam,</strong></span> <span class='ocrx_word' id='word_1_260' title='bbox 1394 3632 1459 3695; x_wconf 83' lang='lat' dir='ltr'><strong>irre</strong></span> 
     </span>
     <span class='ocr_line' id='line_1_33' title="bbox 171 3724 1458 3830; baseline -0.002 -30"><span class='ocrx_word' id='word_1_261' title='bbox 171 3759 232 3830; x_wconf 86' lang='lat' dir='ltr'><strong>per</strong></span> <span class='ocrx_word' id='word_1_262' title='bbox 248 3735 344 3797; x_wconf 84' lang='lat' dir='ltr'><strong>silum</strong></span> <span class='ocrx_word' id='word_1_263' title='bbox 360 3729 499 3816; x_wconf 87' lang='lat' dir='ltr'><strong>penduli</strong></span> <span class='ocrx_word' id='word_1_264' title='bbox 526 3726 779 3790; x_wconf 80' lang='lat' dir='ltr'><strong>horizontaliter</strong></span> <span class='ocrx_word' id='word_1_265' title='bbox 795 3725 993 3788; x_wconf 75' lang='lat' dir='ltr'><strong>constitutur</strong></span> <span class='ocrx_word' id='word_1_266' title='bbox 1009 3725 1127 3800; x_wconf 87' lang='lat' dir='ltr'><strong>suerit,</strong></span> <span class='ocrx_word' id='word_1_267' title='bbox 1151 3728 1231 3792; x_wconf 87' lang='lat' dir='ltr'><strong>dum</strong></span> <span class='ocrx_word' id='word_1_268' title='bbox 1256 3724 1458 3809; x_wconf 83' lang='lat' dir='ltr'><strong>revolvitur,</strong></span> 
     </span>
     <span class='ocr_line' id='line_1_34' title="bbox 171 3829 1461 3924; baseline -0.002 -15"><span class='ocrx_word' id='word_1_269' title='bbox 171 3846 357 3910; x_wconf 84' lang='lat' dir='ltr'><strong>maximum</strong></span> <span class='ocrx_word' id='word_1_270' title='bbox 374 3837 524 3923; x_wconf 81' lang='lat' dir='ltr'><strong>sphaerae</strong></span> <span class='ocrx_word' id='word_1_271' title='bbox 541 3832 704 3896; x_wconf 87' lang='lat' dir='ltr'><strong>circulum</strong></span> <span class='ocrx_word' id='word_1_272' title='bbox 721 3829 900 3903; x_wconf 79' lang='lat' dir='ltr'><strong>describat,</strong></span> <span class='ocrx_word' id='word_1_273' title='bbox 922 3850 991 3892; x_wconf 91' lang='lat' dir='ltr'><strong>non</strong></span> <span class='ocrx_word' id='word_1_274' title='bbox 1007 3830 1082 3895; x_wconf 83' lang='lat' dir='ltr'><strong>ideo</strong></span> <span class='ocrx_word' id='word_1_275' title='bbox 1096 3847 1206 3897; x_wconf 89' lang='lat' dir='ltr'><strong>tamen</strong></span> <span class='ocrx_word' id='word_1_276' title='bbox 1223 3836 1345 3924; x_wconf 84' lang='lat' dir='ltr'><strong>liquet,</strong></span> <span class='ocrx_word' id='word_1_277' title='bbox 1367 3844 1461 3906; x_wconf 87' lang='lat' dir='ltr'><strong>hunc</strong></span> 
     </span>
     <span class='ocr_line' id='line_1_35' title="bbox 170 3937 1461 4035; baseline -0.004 -19"><span class='ocrx_word' id='word_1_278' title='bbox 170 3951 337 4018; x_wconf 86' lang='lat' dir='ltr'><strong>circulum</strong></span> <span class='ocrx_word' id='word_1_279' title='bbox 360 3965 440 4009; x_wconf 88' lang='lat' dir='ltr'><strong>eum</strong></span> <span class='ocrx_word' id='word_1_280' title='bbox 460 3941 538 4013; x_wconf 85' lang='lat' dir='ltr'><strong>elle,</strong></span> <span class='ocrx_word' id='word_1_281' title='bbox 569 3958 671 4024; x_wconf 91' lang='lat' dir='ltr'><strong>quem</strong></span> <span class='ocrx_word' id='word_1_282' title='bbox 695 3937 838 4000; x_wconf 79' lang='lat' dir='ltr'><strong>dicimus</strong></span> <span class='ocrx_word' id='word_1_283' title='bbox 869 3938 1106 4002; x_wconf 81' lang='lat' dir='ltr'><strong>Meridianum.</strong></span> <span class='ocrx_word' id='word_1_284' title='bbox 1166 3941 1327 4009; x_wconf 85' lang='lat' dir='ltr'><strong>Examine</strong></span> <span class='ocrx_word' id='word_1_285' title='bbox 1349 3950 1461 4035; x_wconf 85' lang='lat' dir='ltr'><strong>itaque</strong></span> 
     </span>
     <span class='ocr_line' id='line_1_36' title="bbox 169 4040 1461 4146; baseline -0.015 -23"><span class='ocrx_word' id='word_1_286' title='bbox 169 4046 259 4146; x_wconf 53' lang='lat' dir='ltr'><strong>&#39;opus</strong></span> <span class='ocrx_word' id='word_1_287' title='bbox 279 4054 340 4126; x_wconf 82' lang='lat' dir='ltr'><strong>est,</strong></span> <span class='ocrx_word' id='word_1_288' title='bbox 375 4071 443 4138; x_wconf 88' lang='lat' dir='ltr'><strong>qno</strong></span> <span class='ocrx_word' id='word_1_289' title='bbox 465 4044 674 4117; x_wconf 78' lang='lat' dir='ltr'><strong>innotescat,</strong></span> <span class='ocrx_word' id='word_1_290' title='bbox 708 4057 822 4106; x_wconf 88' lang='lat' dir='ltr'><strong>utrum</strong></span> <span class='ocrx_word' id='word_1_291' title='bbox 842 4040 1099 4105; x_wconf 86' lang='lat' dir='ltr'><strong>instrumentum</strong></span> <span class='ocrx_word' id='word_1_292' title='bbox 1119 4063 1206 4110; x_wconf 86' lang='lat' dir='ltr'><strong>reete</strong></span> <span class='ocrx_word' id='word_1_293' title='bbox 1227 4053 1263 4111; x_wconf 79' lang='lat' dir='ltr'><strong>in</strong></span> <span class='ocrx_word' id='word_1_294' title='bbox 1287 4053 1461 4115; x_wconf 60' lang='lat' dir='ltr'><strong>maiman}</strong></span> 
     </span>
     <span class='ocr_line' id='line_1_37' title="bbox 171 4141 1461 4255; baseline -0.018 -28"><span class='ocrx_word' id='word_1_295' title='bbox 171 4141 274 4255; x_wconf 83' lang='lat' dir='ltr'><strong>plano</strong></span> <span class='ocrx_word' id='word_1_296' title='bbox 290 4159 509 4226; x_wconf 78' lang='lat' dir='ltr'><strong>constitutum</strong></span> <span class='ocrx_word' id='word_1_297' title='bbox 525 4154 582 4224; x_wconf 85' lang='lat' dir='ltr'><strong>srt,</strong></span> <span class='ocrx_word' id='word_1_298' title='bbox 603 4170 645 4213; x_wconf 87' lang='lat' dir='ltr'><strong>an</strong></span> <span class='ocrx_word' id='word_1_299' title='bbox 663 4163 695 4211; x_wconf 91' lang='lat' dir='ltr'><strong>et</strong></span> <span class='ocrx_word' id='word_1_300' title='bbox 718 4163 882 4233; x_wconf 88' lang='lat' dir='ltr'><strong>quantum</strong></span> <span class='ocrx_word' id='word_1_301' title='bbox 898 4149 1147 4216; x_wconf 86' lang='lat' dir='ltr'><strong>abilloaberret.</strong></span> <span class='ocrx_word' id='word_1_302' title='bbox 1189 4155 1239 4218; x_wconf 82' lang='lat' dir='ltr'><strong>Ad</strong></span> <span class='ocrx_word' id='word_1_303' title='bbox 1254 4156 1319 4219; x_wconf 91' lang='lat' dir='ltr'><strong>hoc</strong></span> <span class='ocrx_word' id='word_1_304' title='bbox 1335 4157 1461 4239; x_wconf 76' lang='lat' dir='ltr'><strong>negoti.</strong></span> 
     </span>
     <span class='ocr_line' id='line_1_38' title="bbox 173 4255 1461 4354; baseline -0.011 -18"><span class='ocrx_word' id='word_1_305' title='bbox 173 4294 234 4339; x_wconf 88' lang='lat' dir='ltr'><strong>um</strong></span> <span class='ocrx_word' id='word_1_306' title='bbox 244 4261 587 4354; x_wconf 88' lang='lat' dir='ltr'><strong>duplicipotissimum</strong></span> <span class='ocrx_word' id='word_1_307' title='bbox 600 4255 810 4344; x_wconf 84' lang='lat' dir='ltr'><strong>periclitandi</strong></span> <span class='ocrx_word' id='word_1_308' title='bbox 820 4255 980 4320; x_wconf 87' lang='lat' dir='ltr'><strong>methodo</strong></span> <span class='ocrx_word' id='word_1_309' title='bbox 995 4270 1141 4322; x_wconf 87' lang='lat' dir='ltr'><strong>utuntur</strong></span> <span class='ocrx_word' id='word_1_310' title='bbox 1160 4258 1338 4325; x_wconf 82' lang='lat' dir='ltr'><strong>astronomi</strong></span> <span class='ocrx_word' id='word_1_311' title='bbox 1353 4280 1461 4323; x_wconf 90' lang='lat' dir='ltr'><strong>recen·</strong></span> 
     </span>
    </p>
   </div>
   <div class='ocr_carea' id='block_1_3' title="bbox 165 4385 288 4468">
    <p class='ocr_par' dir='ltr' id='par_1_6' title="bbox 165 4385 288 4468">
     <span class='ocr_line' id='line_1_39' title="bbox 165 4385 288 4468; baseline -0.033 -21"><span class='ocrx_word' id='word_1_312' title='bbox 165 4385 288 4468; x_wconf 75' lang='lat' dir='ltr'><strong>timer.</strong></span> 
     </span>
    </p>
   </div>
   <div class='ocr_carea' id='block_1_4' title="bbox 0 0 1626 5168">
    <p class='ocr_par' dir='ltr' id='par_1_7' title="bbox 0 0 1626 5168">
     <span class='ocr_line' id='line_1_40' title="bbox 0 0 1626 5168; baseline 0 0"><span class='ocrx_word' id='word_1_313' title='bbox 0 0 1626 5168; x_wconf 95' lang='lat' dir='ltr'><strong> </strong></span> 
     </span>
    </p>
   </div>
  </div>
 </body>
</html>
