3202 5168
767 310 813 385 18

152 517 261 564 tamen
270 515 331 560 nec
339 495 403 565 ille,
419 504 779 561 necauctoreaomnea,
798 485 935 575 quipoli
949 508 1025 552 eum
1034 487 1173 553 arduum
1180 489 1433 574 hoeargumeu·

155 621 228 668 tum
239 603 369 666 scrutati
379 598 463 672 lunt,
485 598 703 683 quantitatem
718 594 771 672 50'
792 595 835 657 ob
851 594 1059 679 quorundam
1074 595 1317 657 elementorum
1332 596 1435 656 incer·

156 711 334 772 titudinem
349 727 387 768 ex
402 704 525 766 theoria
545 700 659 762 elicere
674 714 874 783 potuerunt:
900 698 1197 762 commonstramnt
1213 713 1350 762 tautum
1364 701 1436 762 aila·

156 818 234 887 tim,
256 813 503 876 determinatam
523 804 803 869 observationibus
831 806 1048 890 quantitatem
1072 808 1277 889 agraritatie
1302 808 1433 868 unirer·

158 919 228 984 lalia
245 919 367 982 theoria
383 934 452 977 non
474 910 647 973 declinare.

235 1025 263 1086 E
299 1020 461 1085 contrario
485 1015 535 1078 Cl.
558 1011 865 1084 EVLERVS,
907 1031 985 1075 cum
1012 1014 1139 1096 primun
1164 1013 1201 1075 in
1223 1014 1432 1100 obliquitatis

157 1128 325 1213 eclipticae
339 1124 586 1186 decrementum
606 1118 744 1182 seculare
759 1119 938 1201 inquireret
951 1159 961 1189 ,
982 1121 1170 1201 nonpotnit
1183 1121 1368 1186 excelluit
1383 1140 1436 1181 re·

157 1248 265 1295 terum
279 1243 311 1293 et
326 1229 547 1291 recentiorum
566 1223 847 1286 oblervationibua
862 1242 932 1285 earu
942 1225 1159 1307 quantitatem
1168 1227 1268 1304 hujua
1277 1227 1435 1287 imminu·

157 1339 261 1400 tionia
275 1332 431 1405 delinire,
453 1351 551 1415 quatu
567 1350 606 1392 ex
619 1329 761 1412 eleganti
775 1327 830 1389 lua
846 1330 971 1390 theoria
992 1329 1181 1414 collegerat;
1205 1332 1248 1394 ob
1265 1345 1434 1401 veterum,

159 1456 261 1527 puto,
291 1436 555 1500 observationum
577 1431 884 1517 imperfectionem,
918 1448 952 1496 et
978 1433 1069 1519 quod
1093 1437 1228 1497 variatio
1249 1436 1435 1498 latitudiuia

159 1566 218 1629 per
231 1542 439 1605 intervallum
453 1539 599 1625 plurium
616 1536 801 1600 leculomm
819 1539 958 1600 minime
976 1540 1095 1602 idonea
1114 1539 1158 1603 est
1180 1540 1221 1602 ad
1241 1542 1435 1626 intelligan-

160 1650 236 1712 dam
249 1650 335 1711 hanc
349 1645 638 1714 imminutionem,
664 1643 809 1705 camilla
828 1662 897 1706 non
915 1644 952 1706 lit
966 1651 1107 1732 tempori
1124 1647 1397 1732 proportionalia.

242 1755 365 1816 variata
385 1751 580 1835 obliquitate
603 1745 795 1830 eclipticae,
817 1748 1041 1832 longitudinm
1062 1751 1201 1837 fixamm
1226 1771 1382 1838 quoque,
1405 1766 1437 1813 et

163 1859 297 1947 quidem
312 1854 545 1940 duplicimodo
561 1852 807 1915 variarineceile
824 1852 879 1917 eii.
908 1856 1018 1918 Primo
1031 1877 1069 1918 ex
1082 1855 1218 1939 regreffn
1232 1874 1438 1942 punctorum

163 1963 474 2050 aequinoctialium
497 1955 639 2019 secundo
658 1977 696 2018 ex
715 1972 841 2020 mutata
857 1959 1072 2024 inclinatione
1089 1963 1257 2045 eclipticae
1271 1966 1306 2025 iu
1322 1984 1438 2049 aequa·

163 2085 280 2133 torem.
323 2067 412 2129 llaec
430 2061 587 2147 posterior
609 2082 681 2145 para
702 2065 891 2125 variationis
913 2065 950 2125 in
962 2065 1207 2148 longitudinem
1229 2084 1291 2148 pro
1307 2066 1438 2129 diversit

161 2174 237 2238 lixis
254 2168 446 2246 diversaest3
471 2169 561 2252 prior
575 2185 651 2229 vero
668 2171 822 2231 omuibus
842 2172 1041 2232 communia.
1077 2170 1285 2254 Quapropter
1302 2171 1323 2231 fi
1338 2192 1439 2256 quan·

164 2283 239 2342 titas
253 2274 478 2363 praecessionis
495 2293 533 2334 ex
547 2276 790 2356 comparatione
804 2287 952 2337 vetemm
961 2274 1225 2340 observationum
1238 2294 1317 2337 cum
1332 2297 1442 2340 recen·

164 2387 288 2446 tiorum
306 2379 638 2445 animadverlionibua
654 2378 813 2441 elicienda
829 2379 883 2443 lit:
906 2381 1165 2466 alongitudine,
1179 2379 1297 2442 nostrie
1314 2395 1440 2466 tempo·

165 2488 255 2549 ribue
268 2486 447 2554 observata,
463 2483 700 2554 demenda,vel
713 2483 820 2546 eidem
834 2485 981 2548 addenda
995 2487 1038 2549 eii
1052 2490 1216 2573 quantitas
1227 2487 1280 2547 illa
1292 2531 1302 2558 ,
1316 2491 1442 2550 avaria·

166 2593 259 2654 tione
272 2590 476 2674 obliquitatis
493 2589 661 2670 eclipticae
677 2588 827 2651 oriunda.
848 2590 1213 2653 Subtractadeiuveteri
1230 2591 1443 2676 longitudine

167 2695 388 2763 trecentiori,
410 2691 555 2776 prodibit
570 2692 749 2764 residuum,
777 2694 869 2778 quod
886 2697 971 2758 banc
984 2709 1112 2757 tantum
1128 2696 1355 2779 praecellionia
1374 2721 1441 2784 par·

166 2816 235 2865 tem
258 2798 440 2867 exhibebit,
464 2816 547 2880 quae
561 2798 660 2859 unice
674 2798 715 2859 ab
734 2800 864 2862 actione
887 2798 960 2861 lolia
984 2813 1016 2860 et
1032 2799 1129 2861 lunae
1139 2803 1177 2861 in
1195 2802 1348 2863 tellurem
1364 2825 1444 2887 pen·

166 2906 232 2971 der„
274 2905 309 2967 Si
326 2921 403 2965 vero
421 2900 559 2964 lixarum
574 2903 799 2984 longitudinea
816 2923 884 2966 non
901 2906 1082 2968 liberentur
1100 2909 1140 2968 ab
1160 2908 1220 2968 hac
1236 2924 1444 2990 punctorum

167 3008 460 3096 aequinoctialium
486 3010 683 3080 variatione,
712 3024 886 3092 antequam
902 3013 987 3071 inter
1006 3010 1036 3072 le
1055 3011 1265 3073 conferantur
1293 3027 1446 3078 veterum

166 3129 200 3180 et
216 3117 436 3177 recentiorum
455 3112 717 3176 observationes:
748 3111 870 3197 [emper
891 3116 1037 3197 prodibit
1058 3119 1222 3199 quantitas
1245 3117 1375 3183 mediae
1390 3141 1447 3184 au·

167 3240 253 3284 nuae
265 3217 490 3306 praecellionie
512 3217 593 3299 julla
615 3219 735 3279 minor.

519 3349 569 3413 Sit
590 3349 763 3434 longitudo
785 3348 893 3414 fiderit
952 3365 994 3415 ·:
1015 3353 1043 3412 t,

577 3478 719 3542 latitudo
950 3494 993 3543 z
1020 3480 1034 3540 l

581 3606 720 3671 alcenlio
741 3621 828 3672 recta
947 3622 990 3673 .·:
1009 3609 1036 3672 Δ

580 3737 757 3801 declinatio
946 3752 989 3802 z
1008 3740 1040 3799 D

581 3867 758 3952 obliquitas
767 3866 987 3949 eclipticae:
1007 3887 1027 3931 ο

250 3993 458 4060 difamantur
473 4000 671 4083 quantitates
692 4017 711 4060 e
731 4011 763 4060 et
784 3997 795 4056 l
816 3996 1022 4074 constantes,
1052 4000 1113 4065 fint
1132 4002 1193 4065 dD
1214 4016 1247 4066 et
1268 4005 1324 4072 dd
1348 4017 1454 4080 varia.

172 4099 280 4163 tiouea
296 4103 333 4163 in
347 4101 568 4167 declinatione
583 4116 615 4166 et
631 4101 813 4165 aicenfione
833 4121 850 4164 a
869 4104 1086 4188 praecellione
1105 4113 1398 4194 aequinoctiomm
1414 4127 1453 4186 in

171 4205 383 4290 longitudine
415 4208 598 4287 oriundae;
631 4210 789 4273 habemur
820 4208 1001 4275 secundum
1024 4210 1182 4279 formulas
1212 4219 1397 4290 notiilimaa
1419 4245 1454 4292 et

171 4311 412 4397 rigoroliltimaa

274 4467 979 4593 1aqun..liniriLlinecollcoi
1006 4475 1257 4560 (L-r-ldl.)
1316 4421 1318 4430 Ι

452 4557 1263 4584 ..nm

707 4575 765 4640 col
782 4580 834 4659 (D
853 4599 896 4648 ·t·
915 4585 934 4662 ᾗ
955 4579 1039 4657 dD)
