3202 5168
697 311 747 394 59

153 470 386 539 Condidemnt
422 470 599 537 asironomi
626 472 752 537 tabulae
781 471 965 556 generales,
998 491 1037 536 ex
1075 473 1198 559 quibua
1222 470 1361 541 essectoe

70 579 298 668 praecessronie
319 578 606 662 aequinoctiorum
627 581 663 640 ln
686 578 905 644 ascensionem
926 594 1048 642 rectam
1068 595 1100 642 et
1116 583 1150 643 in
1168 581 1360 646 declinatio·

70 705 149 746 nem
167 685 256 745 illico
271 685 398 766 excerpi
416 683 565 768 possunt,
587 697 619 745 et
636 706 777 771 quarum
796 682 1077 747 commodtffimae
1092 684 1166 748 illae
1183 683 1276 772 supra
1292 693 1359 769 jam

71 799 347 853 commemoratae
367 786 417 851 cl.
444 787 731 852 DELAMBRE
757 788 842 852 sunt.
890 788 955 852 Sed
981 787 1110 854 tabulae
1137 792 1196 855 hae
1219 808 1359 857 cunctae

68 897 172 959 nimia
187 894 331 980 prolixae
350 906 384 954 et
400 895 436 954 in
459 912 618 978 magnum
639 898 833 980 paginarum
860 890 1000 979 spatium
1023 894 1273 970 distenduntur,
1294 917 1358 962 nee

68 1016 181 1065 tamen
198 999 315 1063 calculi
329 999 592 1083 trigonometrici
607 996 828 1060 necessitatem
847 998 981 1063 tollunt.
1044 1000 1185 1063 variatio
1207 1003 1243 1064 in
1258 1001 1357 1066 decli·

68 1109 207 1171 natione
222 1106 315 1169 facile
331 1105 515 1166 inunitam
530 1103 676 1164 tabulam
695 1105 818 1183 conjici
834 1104 954 1189 potest,
974 1123 1052 1169 curn
1077 1105 1133 1168 illa
1153 1121 1356 1172 tantummo-

70 1213 114 1275 do
131 1215 164 1274 in
181 1212 294 1274 cofinu
317 1208 510 1273 ascensionis
532 1223 638 1272 rectae
660 1212 801 1284 nitatnr;
825 1209 878 1270 sed
899 1196 1032 1289 ma'jorie
1053 1210 1185 1274 videtur
1208 1214 1355 1296 negotii,

68 1320 286 1379 variationem
312 1317 347 1376 in
368 1312 553 1378 escensione
572 1329 659 1379 recta
682 1335 740 1402 per
766 1315 901 1378 unicam
923 1315 1075 1378 exhibere
1092 1316 1254 1390 tabulam,
1276 1336 1356 1381 cum

67 1424 124 1485 illa
141 1423 235 1485 simul
257 1442 275 1485 a
298 1402 369 1483 sinu
386 1419 579 1484 ascensronie
602 1434 709 1482 rectae
733 1432 798 1483 eta
816 1432 970 1503 tangente
987 1419 1217 1485 declinatiouit
1232 1421 1353 1506 depen-

66 1528 153 1591 deat.
193 1527 240 1589 Ea
254 1541 387 1611 propter
403 1525 454 1590 ct.
476 1527 782 1589 MASIOELYNE
799 1527 884 1589 hanc
899 1540 1030 1588 tantum
1044 1540 1192 1612 partem,
1214 1531 1353 1615 quaein

66 1632 174 1695 sinum
189 1631 382 1695 ascensionia
396 1646 501 1695 rectae
516 1630 667 1702 ducitur,
690 1632 727 1692 in
742 1633 875 1695 unicam
897 1631 1024 1718 redegit
1046 1631 1215 1708 tabulam,
1236 1636 1352 1700 relicto

65 1739 257 1800 calculatori
277 1739 438 1821 negotio,
473 1737 691 1821 quantitatem
716 1739 802 1799 hanc
823 1757 881 1822 per
905 1750 1095 1821 tangentem
1119 1739 1351 1804 declinationi·

64 1842 322 1927 multiplicandi.
363 1841 412 1906 dd
429 1839 656 1903 sublevandam
675 1842 759 1904 hanc
775 1860 907 1928 operam
930 1844 980 1907 ct.
1001 1845 1288 1909 DELAMBRE
1304 1858 1350 1908 ta·

40 1944 159 2011 *laniae
178 1949 236 2010 hae
252 1950 297 2009 ita
312 1943 473 2020 confecit,
504 1961 543 2009 ut
567 1945 699 2010 duobus
721 1951 942 2032 argumentie,
969 1968 1039 2012 rano
1065 1967 1144 2012 cum
1165 1949 1350 2014 ascensione

63 2068 171 2125 recta,
199 2053 298 2116 altero
323 2072 401 2116 cnm
425 2051 647 2115 declinatione
670 2054 778 2116 sideria
796 2055 890 2117 simul
908 2055 1144 2137 ingrediantur.
1207 2056 1271 2121 Sed
1288 2075 1348 2118 no·

62 2173 143 2220 runt
159 2157 335 2220 astronomi
351 2158 513 2240 apprime,
536 2171 699 2241 qnantum
714 2156 824 2220 afferat
844 2157 981 2230 saslidii,
1009 2158 1129 2222 tebulie
1152 2160 1252 2241 hujnt
1269 2143 1349 2224 cort·

60 2261 252 2326 ssructionie
267 2276 401 2345 propter
414 2259 561 2343 duplicet
576 2278 682 2347 parret
696 2262 956 2347 proportionalea
977 2263 1040 2325 uti.

143 2367 344 2429 variationea
361 2383 437 2426 vero
452 2366 513 2427 hae
528 2353 646 2428 tumin
657 2366 840 2429 ascensione
855 2379 958 2439 recta,
980 2378 1054 2428 tuan
1074 2364 1110 2428 in
1125 2363 1348 2435 declinatione

59 2495 122 2561 per
135 2493 237 2535 unam
257 2485 291 2533 et
307 2470 443 2533 eandem
463 2469 691 2556 repraesentari
707 2470 839 2557 possunt
855 2469 1022 2542 tabellam,
1050 2469 1198 2534 adhibito
1222 2471 1344 2541 scilicet

59 2580 203 2642 artisicio
224 2576 337 2660 anguli
359 2575 557 2652 subsidiarii,
586 2596 654 2665 quo
674 2575 767 2663 supra
786 2582 852 2658 jam
867 2595 928 2664 pro
946 2579 1127 2641 variatione
1146 2580 1182 2639 in
1196 2578 1344 2664 longitu·

57 2685 138 2748 dine
160 2683 298 2745 siderum
319 2681 366 2744 usi
388 2677 511 2747 sumne.

139 2790 224 2853 Nam
240 2808 318 2849 curn
337 2806 396 2872 pro
412 2788 534 2872 angulo
557 2789 624 2852 hoc
646 2788 814 2851 auxiliario
836 2800 924 2871 tang.
945 2801 987 2852 ε’.
1004 2807 1041 2850 ιο
1061 2783 1146 2851 cos«
1165 2783 1342 2852 affumlen»
1425 2812 1429 2820 >
1524 2780 1529 2790 ’

55 2914 151 2970 mue,
169 2914 241 2980 pare
263 2893 426 2955 variabilia
442 2893 669 2978 praecessionis
690 2896 725 2957 in
746 2889 930 2956 ascensione
950 2906 1037 2955 recta
1057 2893 1119 2954 erit
1138 2904 1181 2956 Ζ

211 3045 253 3195 [ἕ
273 3079 296 3127 κ
321 3071 490 3148 ao,'‘otto9
513 3067 582 3148 (sin
601 3067 648 3130 di
668 3065 727 3129 cos
743 3068 781 3146 a>
802 3080 858 3130 .··.'·

54 3280 100 3336 z
115 3283 165 3348 5><
182 3265 373 3352 [20,“0rto9
390 3259 448 3326 cos
460 3263 633 3342 (di-iu·-
648 3263 721 3343 90‘)
734 3282 777 3329 4·
792 3267 962 3341 ²0·“⁰¹¹09
978 3257 1035 3323 ⁶⁰s
1046 3256 1337 3344 (ffi*“’9⁰')]

136 3434 224 3514 Ergo
241 3428 282 3492 ad
298 3422 519 3513 supputandas
543 3423 740 3484 variationee
763 3419 990 3504 praecessionie
1011 3419 1130 3482 sivein
1154 3416 1339 3483 ascensione

51 3551 160 3607 recta,
183 3539 247 3599 save
269 3536 305 3596 in
327 3531 568 3599 declinatione,
597 3528 695 3588 unica
717 3525 950 3588 tantummodo
975 3544 1109 3609 egemna
1133 3525 1267 3595 tabella,
1287 3527 1336 3586 ni·

50 3646 179 3706 mirum
202 3641 279 3713 illa,
300 3658 358 3724 per
374 3635 550 3700 sormulam
575 3640 744 3715 ro,“01109
772 3629 830 3693 cos
851 3630 897 3695 Αἰ
917 3631 1121 3705 constructa,
1149 3649 1250 3717 quam
1271 3633 1337 3696 hoc

50 3752 131 3812 loco
147 3749 182 3807 in
201 3747 435 3809 calculatorum
451 3739 669 3805 commodum
691 3736 894 3800 exhibemue.
