3202 5168
755 318 828 400 ¹7³

419 510 423 517 ’
540 482 917 564 problema
961 482 1048 564 vll.
1144 443 1149 457 ι

232 670 315 729 Data
329 663 497 749 apparenti
512 658 619 723 fiderit
632 659 782 724 diiiautia
796 662 966 733 avertice,
1002 661 1056 724 rel
1071 662 1169 746 ipt'rut
1194 659 1369 725 altitudine
1381 675 1425 722 at·

155 791 223 858 qne
237 772 317 833 aeris
333 771 488 853 temperie
503 785 566 849 ope
580 768 760 829 Barometri
775 780 808 831 et
821 767 1065 831 Thermometri
1082 768 1263 853 explorata,
1278 766 1426 828 invenire

156 875 385 940 refractionem
416 873 554 935 mediam
573 886 606 934 et
625 892 749 934 veram.

240 1011 270 1087 r)
292 1007 394 1092 Capta
410 1006 517 1067 liderie
534 1003 682 1068 distantia
699 1006 899 1088 apparentia
914 1005 1051 1074 vertice,
1071 1002 1126 1066 vel
1150 1000 1297 1081 ejusdem
1318 998 1426 1062 altitu·

157 1113 237 1175 dine
257 1112 298 1176 ad
311 1112 561 1174 instrumentum
576 1108 617 1171 ad
631 1111 723 1172 huuc
736 1108 1061 1195 frnemdiaposrtum,
1081 1105 1428 1171 notetureoderntem·

156 1238 239 1301 pore
262 1216 402 1279 altitudo
428 1214 618 1298 hydrargyri
641 1215 677 1274 in
700 1214 914 1287 Barometro,
948 1229 981 1276 et
1006 1215 1102 1277 ssatus
1125 1210 1368 1274 Thermemetri
1390 1211 1424 1269 in

153 1324 275 1386 umbra
289 1337 322 1385 et
334 1325 370 1389 in
385 1321 486 1383 libero
500 1328 573 1382 a'ere
586 1320 702 1392 locati,
724 1318 831 1384 sumto
853 1323 941 1382 iuter
961 1334 1120 1406 utrosque
1139 1318 1251 1383 medio
1275 1316 1425 1378 arithme-

156 1428 239 1493 tico.
377 1424 381 1433 '

239 1560 276 1637 2)
296 1554 559 1643 Operiiiiantiae
581 1554 764 1637 apparentia
790 1574 807 1616 a
839 1557 963 1618 vertice
983 1555 1036 1618 vel
1055 1552 1241 1617 altitudinis
1275 1562 1426 1632 apparen·

155 1662 200 1725 tio
222 1662 329 1723 fiderit
359 1659 545 1722 observatae
581 1663 700 1743 (prout
722 1658 974 1724 instrumentum
999 1663 1183 1723 alterutram
1212 1650 1426 1723 indicaverit)

156 1772 276 1852 quaere
297 1786 316 1828 e
338 1767 449 1827 tabula
470 1765 485 1824 l
505 1783 578 1847 pag.
597 1783 676 1824 cxvr
700 1763 900 1827 refractionir
917 1770 1156 1852 quantitatem.
1183 1778 1274 1847 parte
1292 1774 1427 1843 propo!-

156 1872 304 1943 tionali,
340 1883 414 1930 tum
438 1887 521 1952 opus
543 1867 658 1940 fuerit,
686 1886 756 1931 non
774 1870 937 1953 neglecta,
965 1885 999 1934 et
1014 1871 1176 1933 obtinebit
1197 1864 1426 1929 refractionem

155 1977 306 2038 mediam.
347 1976 399 2036 De
407 1994 470 2060 qua
485 1974 667 2058 quantitate
681 1971 771 2036 sume
779 1974 1024 2060 logarithmnm.
1046 1971 1318 2054 (Commoditatie
1332 1963 1427 2029 eausa

155 2084 357 2171 quantitates
370 2083 432 2143 bae
443 2079 587 2159 adjectae
602 2076 678 2139 sunt
697 2078 733 2139 iu
750 2078 903 2141 columna
919 2082 1060 2165 appofita
1074 2083 1109 2141 in
1123 2078 1261 2140 minutia
1277 2071 1428 2136 secundia

156 2184 335 2267 expreliae,
354 2195 393 2279 ut
406 2181 593 2244 earumdem
609 2184 797 2265 logarithrni
811 2183 937 2247 facilius
953 2206 992 2248 ex
1007 2186 1124 2248 tabulis
1140 2182 1266 2267 exquiri
1279 2176 1427 2263 poffint.)

240 2315 271 2391 3)
292 2312 365 2394 Ope
382 2307 565 2370 altitudinis
580 2308 761 2371 Barometri
775 2310 838 2373 lire
854 2312 893 2374 ad
907 2312 1024 2397 pedem
1044 2311 1219 2396 parifiuum
1238 2310 1300 2370 iive
1317 2306 1357 2370 ad
1370 2323 1425 2388 pe·

159 2418 236 2479 dem
252 2418 462 2499 anglicanum
476 2415 654 2487 exhibitae,
677 2434 793 2498 quaere
806 2418 842 2479 in
860 2419 968 2481 tabula
982 2419 1013 2479 11
1040 2418 1273 2501 iogarithrurrm
1295 2409 1424 2494 respon-

156 2522 305 2584 rientem.

236 2658 271 2732 4)
291 2651 379 2716 Cum
400 2649 482 2713 statu
502 2648 613 2712 medio
631 2649 874 2714 Thermometri
894 2652 957 2713 iire
979 2650 1216 2714 Rionmuriani
1257 2649 1322 2712 five
1341 2644 1425 2709 Fat-

158 2757 358 2821 rerrheitiarri
374 2757 506 2838 exquire
519 2776 538 2818 e
550 2755 660 2817 tabula
679 2756 726 2817 111
739 2756 975 2841 logarithmunr
998 2770 1251 2842 competentem.

219 2888 257 2965 5)
279 2882 414 2946 Summa
429 2882 701 2967 logarithmoruru
717 2887 857 2961 horum,
878 2886 1092 2970 loganthmua
1107 2882 1309 2948 refractionir
1326 2894 1424 2941 verae

157 2988 212 3057 est.

602 3150 950 3233 Exempinm

218 3300 258 3363 ln
273 3294 526 3380 «pneumatum
548 3294 772 3395 qtroroartetr
791 3296 946 3382 parisinis
964 3298 1144 3365 arianarum
1161 3299 1236 3372 XV,
1256 3316 1329 3383 pag·
1348 3296 1424 3371 386.

159 3404 346 3469 referuntur
366 3402 606 3466 observationee
631 3403 682 3468 cl.
700 3405 933 3471 MECHAIN
947 3407 1070 3471 circulo
1093 3418 1264 3493 repetente
1287 3393 1423 3494 Carcas-

152 3506 256 3603 jonae
271 3510 311 3573 ad
327 3507 582 3592 investigandam
596 3506 840 3583 refractionem,
858 3510 1080 3594 institutae.')
1121 3510 1293 3577 Observata
1308 3508 1351 3571 est
1372 3509 1422 3569 ni·

159 3618 281 3677 mirum
299 3614 352 3676 die
371 3631 406 3687 ιε
420 3614 561 3676 Ianuarii
578 3632 652 3696 ¹798
667 3613 815 3678 distantia
830 3636 986 3701 apparent
1007 3617 1157 3679 avertice
1179 3615 1263 3679 fixae
1282 3645 1296 3691 η
1319 3605 1423 3705 Ursae

160 3824 348 3905 hydrargyri
367 3825 402 3885 in
417 3824 605 3889 Barometro
621 3846 657 3905 ²7
672 3826 751 3914 poll.
767 3844 817 3906 4,5
827 3827 886 3890 lin.
903 3824 997 3912 parii.
1012 3829 1049 3889 in
1056 3827 1306 3890 Thermometro
1316 3823 1423 3888 Riua-

157 3928 306 3991 muriano
325 3949 366 3998 -ι-
385 3932 466 4009 7,⁰0.

240 4060 304 4120 Die
328 4080 362 4123 rr
386 4061 526 4123 ianuarii
547 4060 659 4125 eadem
694 4061 843 4129 distantia
877 4086 895 4129 a
922 4064 1045 4129 vortice
1078 4060 1224 4143 ejuaderu
1249 4059 1333 4125 farrae
1356 4073 1424 4123 erat

161 4166 216 4242 86·
243 4163 293 4259 15¹
319 4165 445 4242 20,'27.
464 4167 784 4255 Barorneteraspoll.
801 4166 1422 4256 3,Jlio.pari1.'1'hermometer÷6.⁰15.

192 4397 229 4467 ²¹)
246 4394 326 4451 Idem
345 4393 403 4449 hoe
422 4396 585 4472 exemplu
605 4398 806 4459 illustrationia
823 4403 902 4459 oauia
921 4402 1060 4479 propouit
1083 4399 1128 4459 cl.
1146 4394 1367 4457 DELAMBM
1389 4393 1422 4449 1¹¹

168 4558 175 4571 .
226 4489 310 4543 rabies
324 4487 529 4565 astronomiam
548 4494 665 4562 poiliier
683 4518 735 4567 par
753 4498 779 4551 ic
793 4496 891 4551 barm
901 4496 948 4550 ries
961 4495 1107 4571 largiendas
1121 4493 1275 4556 infrana,
1293 4488 1339 4544 [ed
1356 4486 1421 4561 typi

224 4597 253 4641 et
265 4578 371 4640 rabuli
380 4580 525 4641 mariba
538 4582 746 4667 aliquantalum
756 4586 954 4647 deformatun-
