3202 5168
761 274 841 355 ²04

167 449 289 526 major.
317 458 386 527 quo
404 440 515 501 minor
534 436 578 501 ed
595 436 744 501 dillantia
757 438 905 523 planetae
918 458 938 502 a
953 441 1094 513 παίω,
1116 438 1178 505 leta
1190 460 1267 529 quo
1283 444 1427 525 maiorei

168 556 238 630 ejur
260 546 419 620 altitudo;
440 562 518 629 ergo
534 542 627 627 [upra
635 544 845 607 horizontem
860 542 1074 609 observatoris
1090 547 1129 607 ira
1145 550 1277 611 vertioe
1284 550 1427 633 pantini

167 654 212 719 eii
226 653 315 715 nulia
324 693 335 724 ‚
355 651 390 711 in
400 652 574 714 horizonte
589 650 748 721 maxima,
769 668 852 735 quae
865 648 1017 735 fingulari
1027 650 1171 713 nomine
1182 654 1423 733 medante

165 757 339 823 rizontalt's
367 754 587 837 distinguitur.
627 754 721 817 Patet
743 772 842 839 porro
867 772 907 815 ex
926 750 1123 837 praedictia.
1146 756 1335 825 decreieere
1345 766 1424 847 paral.

165 865 271 935 latin,
293 858 497 924 decrescente
513 858 662 921 diilrntia
676 858 825 943 planetae
837 879 857 921 a
871 872 971 932 terra.
985 872 1019 921 et
1033 860 1216 944 parallaxea
1224 866 1422 933 horizontalra

165 970 227 1034 elle
239 970 276 1030 in
294 969 420 1031 ratione
434 960 559 1025 inverso
573 964 688 1027 harum
706 962 941 1027 dillantiertrm.
980 964 1072 1029 iiiuc
1091 968 1235 1053 cognita
1259 973 1356 1035 unior
1370 974 1421 1057 pir·

166 1068 472 1137 uetaehorirontali
486 1066 655 1149 parallaxi,
676 1068 866 1129 invenietur
882 1068 1128 1147 haecalteriua;
1163 1072 1261 1137 idem
1282 1078 1421 1141 habetlo

165 1198 245 1245 cum
259 1179 293 1239 in
313 1174 524 1260 parallaxibus
540 1171 771 1243 altitudinum.
804 1171 937 1257 quando
951 1173 1101 1257 planetae
1118 1178 1160 1239 iu
1174 1180 1292 1245 eadem
1313 1183 1419 1247 mla.

166 1300 221 1348 tur
234 1280 420 1345 altitudine.
440 1276 537 1337 Ratio
551 1276 879 1361 itaqueparallaxium
887 1278 1167 1357 horizontalium.
1186 1286 1244 1349 vel
1258 1294 1420 1375 aequalium

165 1386 382 1453 altitudinum
405 1378 448 1444 cll
469 1378 534 1465 ipla
560 1384 642 1443 ratio
670 1378 894 1443 distantiamm
919 1382 1124 1467 planetarum
1153 1409 1174 1451 a
1197 1406 1296 1457 terra.
1349 1396 1419 1459 Hine

165 1493 300 1577 cognita
319 1508 348 1552 e.
362 1508 394 1571 g.
415 1485 566 1570 parallaxi
588 1486 787 1550 horizontoli
805 1500 907 1550 terrae
931 1486 986 1551 [eu
1004 1488 1079 1554 lolio
1099 1506 1145 1559 Ξ
1166 1498 1261 1575 0:¹1,
1289 1514 1321 1563 et
1336 1502 1418 1585 postu

165 1596 314 1661 dillantir
335 1593 443 1655 media
463 1606 505 1655 z
527 1611 560 1663 r.
581 1592 643 1653 erit
665 1591 831 1674 parallaxia
852 1594 1069 1657 horizontalit
1104 1602 1263 1681 cujuavia
1295 1606 1416 1691 planetae

162 1754 205 1809 3
319 1702 389 1773 ⁸⁹7
425 1782 482 1795 ..
502 1750 534 1797 ct
556 1734 723 1818 parallartia
748 1754 808 1820 pro
844 1740 959 1823 quavia
992 1741 1149 1825 planetae
1176 1746 1352 1815 altitudine
1370 1754 1417 1815 erit

225 1802 306 1867 Dill.
323 1806 409 1888 plan.
428 1810 477 1869 εδ

161 1900 205 1951 ,·;
223 1886 334 1969 parali.
352 1884 457 1947 horis.
473 1895 496 1942 x
511 1878 577 1945 coi.
594 1880 678 1945 altit.
695 1900 803 1967 appar.
823 1895 866 1947 :
884 1882 993 1966 parali.
1007 1886 1117 1953 horia.
1135 1906 1162 1951 x
1178 1890 1239 1959 im.
1248 1894 1320 1961 diii.
1331 1911 1416 1963 arot.

162 2010 271 2076 appar.

245 2172 309 2239 Sed
336 2176 417 2239 lraec
440 2172 552 2236 omnia
575 2184 707 2253 accepta
728 2170 802 2234 lunt
822 2172 924 2256 polita
943 2172 1050 2258 ligura
1072 2191 1182 2247 terrae
1205 2184 1383 2271 sphaerica,
1398 2204 1423 2253 et

163 2283 265 2371 polita
290 2280 437 2343 distantia
466 2278 573 2341 media
595 2274 669 2339 lolia
692 2296 708 2338 a
733 2276 908 2343 tellure:
930 2300 958 2343 r.
998 2282 1064 2345 Sed
1082 2304 1163 2351 cum
1178 2290 1306 2355 telluria
1326 2308 1358 2357 et
1371 2296 1426 2379 pla·

164 2402 316 2451 netarum
332 2386 455 2448 orbitae
469 2384 630 2467 ellipticae
646 2395 679 2443 et
696 2380 801 2464 ligura
820 2395 921 2447 terrae
944 2384 1053 2453 obluta
1074 2390 1156 2457 fiott
1186 2397 1364 2461 necetiario
1384 2401 1430 2463 ali·

164 2510 264 2577 quam
288 2492 507 2553 mutationem
527 2490 563 2550 in
585 2488 759 2571 paralloxin
784 2487 903 2551 inferre
922 2488 1056 2561 dcbettt.
1097 2496 1146 2559 Ει
1159 2498 1433 2581 ioquillta'onr'bua

164 2614 243 2658 vero
267 2594 309 2656 de
324 2594 428 2679 ligura
442 2596 564 2657 tellurir
586 2591 741 2653 inllitutir
765 2594 917 2676 colligere
938 2596 1033 2669 licet,
1054 2598 1136 2661 illam
1150 2598 1349 2686 plerumque
1367 2627 1432 2690 pro

166 2700 329 2785 sphaerica
352 2700 460 2761 haberi
485 2696 588 2782 polle,
624 2700 783 2781 quoniam
806 2699 844 2759 in
869 2702 1085 2767 remotiorum
1103 2703 1312 2787 planetamm
1329 2714 1433 2794 paral·

163 2806 253 2869 laxin
266 2803 413 2876 nullum,
444 2803 480 2864 in
497 2803 769 2887 propinquiorem
790 2802 904 2864 lunam
926 2805 1094 2873 dumtaxat
1107 2808 1253 2897 aliquem
1276 2815 1431 2885 effectum

163 2925 283 2977 notatu
297 2911 435 2993 dignum
454 2911 598 2993 ingerere
613 2905 727 2991 potest.
761 2905 861 2989 Quod
875 2908 971 2972 lunae
987 2914 1164 2997 parallaxin
1177 2921 1324 2997 attinet,
1350 2927 1430 2989 hanc

160 3018 316 3081 hocloco
333 3018 645 3099 praetermittemus.
676 3013 804 3073 cumin
818 3013 937 3074 tabulir
952 3016 1122 3083 lunaribua
1137 3022 1294 3107 inprimit
1309 3030 1347 3091 in
1368 3032 1428 3095 illia

158 3124 214 3186 cl.
242 3110 402 3191 BURG.
430 3139 449 3181 ὃ
469 3118 518 3182 Cl·
537 3118 819 3182 DELAMBRF·
842 3138 949 3203 nuper
966 3121 1081 3197 estitit,
1113 3126 1197 3194 huic
1212 3137 1351 3215 negotio
1367 3156 1428 3199 om·

160 3231 199 3292 ni
215 3247 255 3291 ert
270 3241 360 3310 parte
373 3222 562 3307 amplilfime
577 3220 763 3283 consultum
779 3220 828 3289 fit.
866 3222 935 3307 Qui
959 3240 1071 3293 cutem
1090 3232 1303 3317 planetarum
1318 3243 1427 3305 orbita-

160 3352 235 3397 rum
251 3331 464 3415 ellipticitatio
478 3329 640 3389 rationem
655 3326 773 3389 habere
792 3328 935 3402 volunt,
963 3346 1099 3398 utantur
1121 3346 1365 3407 tantummodo
1385 3348 1428 3409 di·

159 3434 508 3518 liantiaveraplanetae
522 3430 668 3494 atellure
681 3431 1056 3502 ctabulitallrouomicic
1068 3440 1258 3528 supputata.
1277 3451 1335 3514 Ett
1344 3455 1426 3516 enim

850 3538 978 3605 distant.
988 3559 1132 3609 curtat.>t
1142 3550 1201 3612 lin.
1214 3572 1381 3621 commut.

159 3584 224 3655 iun,
234 3593 400 3644 utuotum
408 3578 528 3660 cll,pro
538 3577 655 3661 quotie
663 3576 791 3661 plancta
802 3592 907 3709 :nm
918 3632 1382 3745 ε10118.ΧῖοῑῙω-ἑοοῖ...
1395 3646 1406 3675 2

783 3826 825 3841 ,,
838 3772 965 3838 distant.
978 3793 1094 3844 curtat.
1104 3796 1127 3843 >t
1141 3784 1199 3849 fin.
1210 3788 1300 3853 lotii.
1312 3794 1424 3857 lrelittc.

158 3816 211 3878 vel
219 3815 259 3879 ad
268 3814 402 3897 scopum
411 3810 556 3875 nollrum
566 3809 765 3875 sufficienter
783 3864 825 3880 .-

1148 3872 1424 3899 ——n—-r-

996 3887 1151 3953 limittit.
1168 3914 1271 3977 geoc.

239 4008 398 4075 Dilltntia
412 4027 489 4072 vero
508 4022 631 4073 curtata
648 4006 795 4090 planetae
812 4028 829 4071 a
847 4008 912 4075 lole
932 4012 1056 4101 [emper
1069 4018 1113 4081 eli

434 4152 477 4206 2·
491 4138 665 4201 Radvect.
678 4138 780 4223 ellipt.
797 4153 819 4200 >t
836 4139 902 4205 cof.
919 4143 1003 4207 latit.
1023 4147 1143 4214 helioe.

235 4270 443 4335 Planctorum
458 4271 561 4353 igitur
575 4269 741 4351 parallaxir
756 4270 971 4339 horizontalir
983 4281 1106 4361 poterit
1120 4284 1206 4365 poni

157 4432 199 4450 ..
506 4378 576 4447 82'7
873 4432 916 4487 Ξ
989 4385 1059 4461 80¹7
1082 4384 1138 4449 fin.
1159 4386 1220 4453 lat.
1241 4412 1340 4473 μου.
1468 4468 1470 4473 ,

156 4470 198 4489 ”’
218 4479 849 4567 diss.curt.tin.lat.hcl.coiec.lat.geoc.
947 4488 1020 4553 dili.
1038 4482 1407 4570 curt.tio.lauffi⁰
1468 4589 1470 4599 Ι
