3202 5168
769 315 844 399 ῐῦ

157 481 230 544 dini
247 479 405 562 adirier)
445 478 601 544 Eundem
616 479 737 544 iterum
750 476 889 563 perfecit
902 494 991 540 anno
1008 495 1105 560 ¹790·
1127 495 1228 565 quem
1242 477 1297 547 cl.
1311 478 1370 548 W
1371 477 1450 544 OL-

153 589 360 654 LASTON
376 590 412 649 in
432 587 549 650 limine
575 587 819 671 compilationis
856 585 1029 657 omnium,
1058 585 1117 670 qui
1137 583 1276 657 exilarat,
1307 583 1448 647 lixarum

154 693 453 777 catalogomm**)
475 694 674 778 vulgaverat.
716 692 807 754 Haec
822 703 914 752 erant
928 704 1054 775 puncta
1070 703 1103 752 et
1120 691 1308 775 prototypi,
1324 690 1447 774 quibua

157 796 360 862 ascensiones
377 814 483 863 rectae
500 798 625 863 nostrae
644 817 683 862 ex
697 798 837 884 propriia
856 793 1140 859 observationibua
1158 793 1319 859 deductae
1337 793 1445 879 super-

157 901 384 978 struebantur⁸
405 919 439 968 et
453 906 563 969 omnia
576 904 743 989 catalogue
757 899 865 965 noster
882 899 1057 963 zodiacalia
1074 899 1247 964 coniector
1261 899 1317 965 est.
1358 899 1446 962 Cum

157 1008 270 1072 rursus
286 1010 435 1096 denique
464 1009 654 1074 clarisonae
684 1022 801 1072 auctor
840 1006 1028 1089 catalogum
1049 1008 1141 1070 hunc
1165 1004 1449 1070 fundamentalem

158 1133 250 1176 anno
273 1133 348 1191 1802
365 1118 482 1179 iterato
497 1114 709 1179 exornavisset
724 1113 853 1187 dudio,
879 1133 919 1177 ex
935 1114 1083 1198 repetitio
1106 1112 1391 1176 observationibua
1415 1125 1449 1174 et

158 1220 448 1294 calculieinvenit‚
463 1220 870 1284 absolutamascenlionem
880 1234 1002 1283 rectam
1019 1218 1182 1304 adqoilae
1196 1220 1378 1303 hucusque
1390 1214 1447 1279 sla·

158 1325 307 1397 bilitam,
324 1328 359 1387 in
368 1328 550 1412 quaomnia
560 1326 727 1409 catalogue
737 1328 910 1399 innititur,
926 1341 958 1388 et
971 1324 1112 1410 proinde
1127 1322 1328 1388 ascensione·
1341 1334 1447 1383 rectae

160 1434 315 1494 omnium
335 1432 460 1495 XXXVI
475 1432 635 1504 fixarum,
656 1432 739 1513 jusso
762 1434 907 1495 minorea
917 1433 1070 1504 inveniri,
1090 1430 1240 1517 adeoque
1262 1429 1447 1514 quantitate

161 1538 231 1614 3.'s
253 1536 435 1622 augendae,
461 1553 496 1601 et
510 1537 729 1602 ascensionem
746 1553 867 1603 rectam
882 1570 898 1601 a
913 1539 1050 1624 Aquilae
1065 1537 1106 1601 ad
1121 1539 1258 1601 initium
1273 1533 1354 1598 anni
1370 1550 1446 1608 reor

159 1641 433 1707 statuendamelse
456 1647 510 1727 ¹9¹*
539 1650 593 1724 41'
620 1646 709 1725 7:13
726 1645 833 1726 Μ).
855 1642 1449 1709 correctiohaecaclarillimoaucto·

158 1773 194 1816 re
208 1752 371 1838 proposita
400 1748 561 1814 summam
580 1753 733 1814 omnium
753 1751 1016 1815 astronomorum
1037 1751 1192 1813 excitavit
1208 1749 1447 1812 attentionem.

160 1856 342 1918 Nonnullie
358 1853 529 1941 scrupulua
543 1860 685 1938 injectae
700 1855 765 1930 eis,
786 1871 900 1920 utrum
915 1857 1241 1921 correctiolraecnon
1255 1851 1446 1914 dubitanter

161 1960 383 2034 admittenda,
405 1981 446 2024 an
462 1963 575 2060 pqtiuc
585 1961 840 2050 exspectandum
854 1962 947 2034 esset,
964 1961 1071 2026 donec
1086 1960 1277 2047 disceptatio
1302 1958 1337 2018 iar
1353 1953 1448 2018 causa

159 2081 228 2130 tam
238 2069 328 2152 gravi
336 2069 477 2131 aliorum
486 2069 770 2134 observationibus
779 2066 863 2132 soret
879 2067 1044 2142 illustrata.
1056 2067 1109 2131 vel
1123 2068 1264 2152 repetito
1281 2059 1442 2147 rigorosrs·

160 2173 243 2235 limo
265 2174 414 2234 examine
435 2176 659 2259 comprobata.
699 2174 785 2238 Nam
798 2172 929 2237 admissa
943 2177 1004 2240 hac
1025 2177 1249 2245 correctione,
1268 2165 1443 2233 necessario

160 2292 195 2341 et
213 2276 367 2338 omnium
381 2275 586 2359 planetamm
608 2278 830 2362 longitudinis
852 2281 980 2344 mediae
1001 2284 1145 2368 epochae
1186 2291 1368 2360 motaeque
1398 2291 1449 2335 ea·

162 2402 238 2447 rum
261 2381 366 2444 medii
386 2384 556 2446 immutari
577 2383 709 2447 debent.
749 2382 981 2470 Exspectantee
1004 2386 1072 2473 spea
1097 2406 1168 2449 non
1191 2382 1319 2448 sesellit.
1359 2377 1447 2442 Nam
1536 2422 1539 2431 ·

160 2508 202 2552 ex
217 2484 502 2553 observationibua
512 2489 739 2559 recentissimie
752 2489 802 2554 cl.
817 2492 989 2555 PIAZZI
1005 2495 1040 2555 in
1061 2468 1445 2576 Epiremeridsbusostro·

161 2591 620 2687 nomieisl'indodonerrsrbrer,
642 2594 681 2658 ad
697 2615 823 2660 aunum
837 2604 914 2676 1806
928 2620 1000 2686 pag.
1019 2603 1076 2676 336
1098 2613 1130 2661 et
1148 2614 1183 2675 33
1189 2616 1203 2675 3
1221 2595 1350 2666 relatis.
1368 2608 1444 2676 9¹⁰·

161 2701 230 2774 dit,
251 2703 492 2764 correctionem
507 2703 614 2774 haue.
630 2720 649 2764 a
663 2701 834 2768 clarissimo
852 2705 1179 2791 Angliaeailronomo
1194 2705 1283 2788 regio
1298 2695 1448 2781 recogni-

160 2823 249 2881 tam,
270 2825 340 2870 non
358 2805 463 2870 solum
480 2807 737 2884 admittendam,
760 2808 925 2875 sedetiam
942 2812 1126 2896 augendam
1147 2809 1218 2873 esse.
1260 2808 1348 2873 Nam
1363 2803 1445 2867 cele·

159 2916 323 2979 berrimue
337 2913 392 2974 hie
406 2912 611 2977 astronomus
624 2914 879 2981 Panormitanue
895 2917 1115 2982 ascensionem
1128 2930 1248 2979 rectam
1264 2908 1447 2975 absolutam

161 3021 264 3099 hujus
293 3017 377 3079 fixae
420 3037 460 3082 ex
489 3020 630 3105 propriia
657 3020 940 3088 observationibus
974 3022 1017 3087 ad
1037 3023 1240 3109 principium
1264 3017 1344 3083 anui
1367 3030 1443 3088 1302
1474 2995 1480 3011 ⁸

161 3124 331 3187 reductam
348 3123 478 3184 invenit
500 3124 553 3206 19¹¹
582 3125 636 3203 41¹
662 3127 785 3205 7:136.
825 3130 919 3193 Idem
928 3131 1063 3194 aliarum
1074 3124 1292 3216 quarumdam
1304 3121 1445 3185 fixarum

163 3229 362 3294 ascentiouea
379 3242 482 3292 rectae
496 3227 659 3294 absolutae
672 3245 797 3297 tentare
811 3252 950 3300 conatur
965 3234 1028 3312 esl3
1053 3234 1107 3298 sed
1121 3233 1360 3299 observationea
1376 3224 1447 3287 suaa

161 3340 228 3403 hue
242 3357 349 3423 araque
371 3335 472 3399 sactae
492 3354 553 3421 pro
577 3335 651 3399 satie
670 3339 751 3400 tutia
767 3359 837 3403 non
857 3344 967 3406 habet.
1008 3342 1132 3426 Sperat,
1150 3338 1280 3403 eaedem
1298 3335 1339 3397 de
1353 3346 1444 3394 noro

154 3443 294 3530 ,aggredi
310 3456 341 3505 et
357 3439 525 3528 persequi,
547 3442 655 3505 donec
674 3445 864 3510 earumdem
880 3448 1022 3534 amplam
1038 3446 1111 3510 satie
1135 3458 1252 3508 nactur
1272 3440 1371 3505 suerit
1392 3454 1447 3499 co·

161 3555 264 3639 piam.
308 3548 409 3612 Dedit
428 3551 550 3612 interea
565 3547 751 3633 speciminia
766 3551 841 3642 locq
864 3553 1022 3640 quaedam
1047 3551 1246 3617 ascensionee
1268 3561 1389 3617 rectae,
1405 3561 1446 3606 ex
1467 3624 1471 3630 ,
1570 3531 1575 3551 ¹

159 3648 318 3722 'absolutis
333 3654 616 3718 observationibus
626 3669 751 3730 erutae,
774 3679 858 3743 quae
871 3680 949 3723 cum
959 3658 1176 3722 recentissimo
1185 3655 1332 3738 catalogo
1346 3648 1448 3735 angli·

163 3784 248 3830 cauo
264 3782 332 3825 non
349 3782 467 3826 omnee
482 3762 579 3846 plane
595 3765 820 3838 conveniunt,
842 3779 880 3828 ut
902 3766 1012 3828 tabula
1033 3784 1159 3828 annexa
1181 3764 1223 3826 ob
1250 3759 1366 3824 oculor
1387 3772 1448 3841 po·

160 3875 226 3940 nit.
266 3869 476 3935 Ascensionee
497 3880 604 3932 rectae
624 3885 644 3930 a
665 3866 718 3934 Cl.
738 3871 916 3936 Buzzi
942 3869 1128 3934 observatae
1148 3867 1190 3932 ad
1209 3868 1299 3932 diem
1324 3885 1359 3928 22
1381 3863 1447 3929 Dc·

149 4242 153 4249 ‚
197 4184 228 4254 l)
245 4174 350 4235 'l'ablea
370 4174 418 4232 sor
437 4176 609 4254 comparing
620 4173 670 4234 tlte
688 4175 930 4257 apparantplaeea
943 4191 995 4240 etc.
1043 4178 1092 4254 ny
1106 4177 1143 4235 N.
1159 4174 1332 4249 Machlyae.
1365 4168 1446 4227 Lou-

230 4273 290 4330 don
309 4285 385 4339 1774
1328 4276 1339 4307 a

197 4423 259 4490 ”l
276 4418 301 4474 Δ
317 4416 459 4492 specimen
466 4413 499 4470 of
511 4415 648 4489 agenorei
655 4414 854 4475 astronomieal
867 4416 1072 4495 cataloguaetc.
1086 4411 1206 4491 adopted
1219 4426 1249 4468 to
1263 4410 1324 4470 latr.
1335 4419 1359 4463 1·
1379 4406 1447 4473 1790

230 4508 963 4586 aemmmfflmomwmwn

196 4656 287 4730 eei)
304 4651 428 4718 Menod-
444 4651 577 4731 corretp.
590 4653 664 4720 Vlsl
671 4654 706 4715 B.
720 4673 785 4735 pag·
800 4658 844 4729 96·
