3202 5168
715 297 759 377 15

89 457 189 530 alum,
212 455 372 541 cumiplo
389 458 578 543 Hipparcho
604 454 698 530 telle,
728 456 889 522 referente
903 455 1112 529 Ptolemaeo,
1144 454 1286 527 constet,
1321 454 1378 515 Ti·

85 561 288 625 mocharidie
304 562 466 625 crassiores
483 562 573 624 suille
590 560 851 635 observationea,
872 581 1055 648 parumque
1071 561 1266 645 explanatae.
1309 559 1375 623 Sed

85 666 213 730 constat
234 670 455 739 nuncetiam,
477 681 510 728 et
524 667 751 750 Hipparchum
774 683 807 729 et
821 667 1048 730 Ptolemaeum
1073 668 1108 728 in
1127 665 1376 750 investigatione

86 772 189 850 hujus
205 787 316 836 motus
336 773 376 835 ad
394 774 565 835 veritatem
584 776 723 856 propina
742 770 920 833 accessuroa
937 770 1050 845 suilla,
1078 770 1099 831 sr
1123 769 1202 835 duaa
1227 771 1373 835 observa·

87 879 199 939 tiouec
224 880 341 956 Spicea
374 877 541 957 Virginis,
565 876 829 940 aTlmocbaride
851 875 1032 949 inllitutas,
1057 890 1090 940 et
1108 878 1147 939 ab
1169 876 1243 962 ipsu
1259 877 1372 939 relatae

87 982 125 1042 in
151 982 315 1044 calculum
335 982 554 1055 adduxillent,
582 1001 667 1067 quae
687 1001 825 1066 aequam
841 980 1067 1065 praecessionis
1083 985 1302 1067 quantitatem
1316 1000 1373 1042 an·

87 1107 192 1150 nuam
215 1088 269 1165 50'
293 1087 412 1169 (valde
426 1085 618 1150 diversama
639 1089 715 1161 36',
744 1106 845 1174 quam
868 1107 907 1148 ex
929 1086 999 1148 aliia
1017 1085 1300 1150 observationibus
1323 1087 1373 1148 iu·

86 1197 268 1271 venerant)
290 1195 389 1255 etiarn
410 1207 482 1255 tum
498 1191 727 1254 exhibuissent.

167 1299 263 1360 Hanc
292 1316 436 1358 annuam
462 1292 728 1380 praecessionem
745 1307 785 1357 ut
813 1293 923 1378 plurea
954 1293 1159 1378 superiorum
1185 1291 1369 1356 seculorum

86 1401 263 1465 astronomi
283 1399 515 1486 aliquantisper
536 1401 701 1462 minorem
722 1401 912 1463 invenirent
933 1402 1013 1474 illa,
1049 1420 1149 1486 quam
1173 1401 1273 1478 bujut
1297 1400 1369 1460 aevi

86 1507 264 1571 astronomi
284 1507 441 1578 eliciunt,
469 1506 550 1567 hinc
570 1503 696 1567 sortasse
718 1502 843 1567 sactum
865 1507 926 1581 111,
950 1506 1041 1594 quod
1058 1506 1133 1568 11101
1150 1505 1367 1566 variationem

84 1627 286 1699 punctorum
302 1609 597 1697 aequinoctialium
618 1629 636 1673 a
653 1623 750 1673 motu
773 1611 943 1695 eclipticae
964 1610 1201 1698 prodeuntem,
1226 1610 1365 1674 omnino

84 1716 242 1802 ignorasse
260 1729 468 1801 compertum
487 1713 541 1779 est.

164 1822 291 1884 Interea
313 1822 492 1906 Hipparchi
513 1833 547 1882 et
563 1820 744 1883 Ptolemaei
766 1820 960 1886 sententiam
976 1840 1091 1884 omnes
1106 1819 1146 1883 ad
1162 1819 1265 1880 linem
1284 1820 1365 1880 noni

34 1940 41 1947 ·
84 1946 192 2012 utque
218 1926 315 1990 leculi
336 1925 437 1989 secuti
461 1924 538 1986 lunt
558 1924 751 1999 astronomi,
784 1928 917 2013 quaudo
932 1929 1164 2010 Albategniue,
1191 1926 1306 1995 1111111,
1330 1926 1365 1986 in

83 2035 285 2095 contrarium
303 2050 439 2115 vergens
452 2030 630 2104 excelsum,
650 2045 783 2094 motum
797 2035 888 2096 bunc
906 2052 1011 2122 aequo
1028 2033 1234 2103 celeriorem,
1262 2031 1364 2092 uniua

82 2134 205 2198 scilicet
219 2135 337 2219 gradus
354 2138 438 2197 intra
453 2140 491 2200 66
508 2155 631 2206 1111101,
646 2137 706 2200 elle
717 2139 901 2201 contendit.

163 2239 315 2301 Tandem
330 2239 557 2323 Copernicua,
579 2240 619 2302 ad
639 2244 810 2304 veritatem
833 2244 1097 2328 quamproxime
1118 2239 1293 2311 accedens,
1323 2257 1362 2300 ert

33 2367 36 2370 ⁴
79 2344 207 2408 collatio
226 2344 373 2428 plurium
389 2342 572 2406 seculorum
590 2343 873 2411 observationibua
890 2369 958 2411 non
982 2348 1088 2411 solum
1108 2361 1241 2410 motum
1269 2346 1361 2406 bunc

78 2450 182 2511 unius
205 2446 323 2532 gradus
347 2449 432 2510 intra
452 2470 488 2525 7²
505 2467 669 2511 annorum
695 2448 795 2534 spatio
812 2450 985 2526 desinivit,
1004 2453 1058 2517 led
1075 2468 1108 2516 et
1122 2451 1311 2515 anomalum
1328 2464 1361 2513 et

78 2553 305 2637 irregularem,
328 2555 625 2640 obliquitatemque
642 2556 810 2640 eclipticae
830 2554 1023 2621 mutabilem'
1046 2559 1105 2621 elle
1123 2561 1249 2644 prImus
1275 2555 1359 2619 indi·

79 2660 178 2722 cavit.
208 2658 327 2742 (luam
342 2663 536 2744 opinionem
550 2660 660 2746 plures
674 2661 850 2726 astronomi
877 2667 1003 2748 Tycha,
1027 2668 1223 2747 Isepplerus,
1251 2665 1359 2728 Lans-

78 2764 225 2846 bergius,
256 2767 539 2846 Regiomoratarrus
568 2766 761 2840 tuebantur,
785 2782 818 2830 et
842 2769 1074 2856 obliquitatem
1095 2773 1266 2855 eclipticae
1287 2787 1359 2830 non

77 2870 187 2933 solum
219 2871 375 2931 imminui
398 2870 622 2943 censuerunt,
658 2871 712 2935 sed
739 2873 876 2937 ulteriua
907 2877 1082 2961 periodum
1109 2873 1357 2937 imminutionia
1457 2960 1460 2966 Ι

76 2975 262 3039 commenti
279 2971 370 3044 lunt,
392 2976 455 3048 ita,
481 2992 519 3038 ut
539 2976 710 3062 postquam
733 2978 909 3064 obliquitas
924 2996 1010 3045 certa
1025 2982 1226 3065 quantitate,
1256 2995 1357 3061 quam

76 3081 254 3144 minimam
274 3093 458 3153 vocarunt,
486 3081 689 3156 decrevisset,
720 3083 831 3147 denuo
850 3082 1020 3158 cresceret,
1048 3099 1082 3148 et
1104 3085 1290 3168 perveniret
1315 3081 1356 3143 ad

77 3188 265 3250 maximam.
312 3183 374 3246 Sed
398 3203 474 3246 cum
497 3183 654 3249 sententia
677 3189 758 3250 haec
780 3187 1060 3254 observationibus
1081 3210 1150 3251 non
1168 3192 1212 3251 ita
1227 3185 1356 3251 fulcire·

76 3306 151 3363 tur,
172 3303 212 3352 ut
227 3303 313 3353 recte
329 3287 462 3352 defendi
476 3290 601 3375 pollet:
623 3309 641 3352 a
656 3291 819 3377 plerisque
843 3293 1033 3358 astronomia
1055 3295 1183 3357 coaevia
1199 3308 1355 3377 tanquam

77 3398 229 3481 ambigua
254 3409 286 3458 11
309 3397 433 3458 11111111
456 3399 573 3473 rejecta
594 3393 649 3458 an.
689 3396 801 3482 Aliqui
820 3419 917 3473 vero,
943 3402 1002 3485 qui
1025 3401 1247 3463 mutationem
1272 3399 1355 3462 obli·

77 3504 212 3590 quitatio
234 3502 404 3586 eclipticae
427 3504 463 3563 in
487 3500 628 3564 dubium
650 3519 767 3565 vocare
791 3521 860 3565 uon
884 3504 1064 3577 audebant,
1090 3520 1129 3569 ut
1149 3524 1220 3568 eam
1240 3504 1352 3591 aliquo

73 3609 176 3673 modo
191 3608 403 3693 explicarent,
426 3605 681 3692 trepidationem
702 3607 877 3692 quamdam
898 3611 933 3670 in
956 3614 1088 3694 punctio
1107 3611 1352 3697 aequinoctiali·

73 3716 137 3780 but
151 3714 339 3799 lingebant5
362 3732 445 3798 quae
461 3713 691 3797 obliquitatem
705 3714 854 3780 modain
871 3720 1046 3796 majorem,
1066 3718 1168 3782 modo
1192 3717 1227 3778 111
1244 3716 1352 3779 miuo-

73 3840 144 3884 rem
159 3832 387 3881 commutaret.
429 3817 633 3902 Capernicua
648 3836 744 3891 vero,
771 3821 830 3905 qui
848 3835 980 3884 motum
1001 3821 1161 3887 stellamm
1181 3844 1274 3888 nunc
1297 3846 1351 3888 re·

72 3925 200 3994 locem,
221 3921 457 3999 nunetardum
471 3921 532 3984 else
547 3924 731 3998 conclusit,
759 3945 860 4009 quam
882 3927 1146 4010 inaequalitatem
1165 3931 1351 3993 anomaliae

73 4027 353 4110 aequinoctiorum
368 4030 507 4091 nomine
525 4028 711 4112 infiguivit,
732 4030 936 4116 obliquitatis
957 4033 1234 4098 imminutionum
1255 4038 1350 4101 tellu-

71 4131 184 4197 1111111
201 4132 317 4194 tribuit
337 4136 399 4207 ita,
424 4146 464 4196 ut
489 4153 528 4196 ert
549 4134 647 4218 ipsius
671 4134 830 4200 sententia
851 4139 948 4222 polus
970 4142 1153 4225 aequaturia
1180 4142 1349 4205 circellum

72 4235 250 4307 describat,
271 4236 908 4316 1111111111111111111111111111111111οηί
930 4242 966 4305 111
985 4247 1138 4331 aequalia.
1180 4247 1274 4309 Hanc
1297 4267 1349 4309 ex·

69 4340 284 4429 plicatiouem
311 4339 407 4424 plane
434 4347 611 4410 convenire
632 4365 710 4411 cum
742 4349 1013 4432 interpretatione
1032 4353 1216 4414 nutationie
1238 4351 1347 4413 noliro

68 4464 150 4510 aevo
165 4446 337 4516 inventae,
359 4448 433 4531 quia
460 4469 530 4514 nou
549 4451 666 4516 videt?
686 4452 750 4516 Sed
773 4455 939 4538 quantitas
961 4459 1031 4536 ejua
1057 4458 1114 4518 illo
1135 4471 1283 4540 ternpore
1296 4458 1347 4517 in·

68 4548 246 4616 slmmerna
260 4550 394 4635 rudiora
416 4556 551 4639 penitae
576 4555 718 4646 effugere
740 4556 896 4637 debebat,
922 4558 1067 4647 ideoque
1080 4559 1217 4626 fortuito
1231 4557 1349 4627 adscri-
