3202 5168
874 288 926 374 M

667 549 1047 634 Problema
1095 557 1127 636 t

341 790 425 853 Dete
446 783 606 871 temporie
633 784 784 869 epocha,
820 780 876 847 ieu
898 781 972 846 data
992 783 1206 869 longitudine
1227 782 1326 860 lolia,
1363 785 1550 852 aleenlione

258 907 350 972 tecta
364 905 398 958 et
413 893 636 958 declinatione
650 889 753 962 fixae,
772 888 924 953 iuvenire
943 888 1100 954 effectum
1120 893 1334 956 aberrationie
1356 893 1500 959 luminis
1514 899 1547 958 iu

258 1000 480 1069 alcenliouem
494 1009 635 1072 rectam,
654 1015 714 1081 pec
727 995 852 1060 tabulae
874 997 890 1059 1
910 1010 944 1060 et
964 997 1012 1070 11,
1032 1017 1108 1082 pag.
1129 1019 1169 1079 90
1189 1010 1224 1061 et
1243 1016 1294 1080 9¹·

343 1104 379 1232 al
394 1148 483 1213 Cum
496 1144 720 1210 declinatione
736 1143 821 1210 fixae
836 1147 926 1219 data,
948 1145 1013 1209 live
1025 1145 1166 1220 boreali,
1187 1146 1253 1212 five
1267 1146 1416 1226 australi,
1433 1170 1550 1237 quaere

258 1254 329 1329 fine
341 1252 531 1321 discrimine
554 1253 590 1317 in
607 1253 718 1316 tabula
735 1273 810 1340 pag.
832 1270 870 1329 83
892 1253 946 1316 vel
967 1270 1005 1333 89
1026 1252 1188 1337 angulum
1207 1282 1230 1337 γ
1248 1253 1304 1316 vel
1324 1266 1351 1318 t.

344 1405 378 1484 a)
397 1404 449 1470 Ad
463 1401 683 1467 alcenlionem
697 1417 821 1467 rectam
836 1401 920 1466 fixae
937 1401 1048 1464 datam
1065 1401 1166 1476 adde,
1187 1414 1222 1466 et
1235 1404 1275 1468 ab
1291 1403 1348 1468 illa
1362 1406 1464 1471 etiam
1480 1406 1549 1472 lub-

260 1514 356 1588 ttahe
371 1509 533 1597 angulum
548 1511 640 1575 hunc
655 1511 834 1574 inventum
853 1537 877 1592 γ
892 1507 946 1572 vel
965 1520 992 1572 t.

344 1664 377 1746 3)
396 1660 446 1727 eb
465 1660 528 1724 tue
550 1657 677 1722 lemma
701 1672 736 1723 et
758 1659 799 1723 ab
821 1659 884 1721 hac
904 1655 1088 1721 differentia
1125 1655 1277 1724 lubttalae
1300 1661 1545 1744 longitudinem

265 1767 342 1833 lolia
362 1786 425 1855 pro
449 1767 609 1851 temporie
631 1778 805 1827 momento
821 1764 910 1828 dato.
952 1761 1046 1847 Quae
1058 1780 1247 1840 remanent,
1265 1783 1453 1852 argumenta
1476 1767 1546 1830 duo

263 1873 360 1949 lunt,
381 1871 423 1939 ad
437 1873 536 1937 ulum
549 1871 679 1935 tabulae
699 1872 731 1944 1,
752 1889 827 1955 pag.
846 1890 899 1950 90·

343 2027 385 2106 4)
406 2021 457 2085 Ad
471 2019 612 2085 eandem
627 2016 788 2082 summam
809 2018 902 2083 etad
929 2014 1068 2081 eandem
1091 2017 1308 2084 differentiam
1331 2022 1421 2087 adde
1444 2024 1546 2110 longi·

121 2166 128 2177 .
262 2129 417 2198 tudinem
435 2126 522 2193 solie.
561 2126 741 2213 Aggregata
767 2138 865 2189 erunt
884 2140 1077 2210 argumente
1104 2125 1173 2192 duo
1206 2125 1332 2192 utendo
1372 2131 1488 2195 tabula
1501 2133 1545 2207 11,

287 2258 337 2326 ¹8·
359 2255 410 2321 9¹·

259 2261 285 2347 Β
345 2388 385 2468 ς)
406 2382 497 2447 Cum
519 2381 721 2469 argumentie
739 2382 792 2446 hie
815 2380 905 2445 bioie
925 2383 1042 2467 primia
1059 2401 1178 2469 quaere
1195 2385 1232 2446 in
1248 2383 1396 2449 tabulaI
1421 2385 1492 2457 bie.
1513 2399 1543 2450 et

266 2511 346 2558 cum
368 2490 571 2572 argumentie
595 2488 728 2550 duobue
750 2485 920 2570 postremis
942 2490 979 2550 in
996 2489 1104 2552 tabula
1125 2491 1158 2552 11
1179 2491 1279 2553 etiam
1298 2490 1368 2559 bie.
1389 2511 1543 2554 numeroe

261 2604 502 2679 competentee.
543 2589 683 2671 conjice
700 2605 841 2676 quatuor
853 2591 911 2654 hae
928 2595 1126 2678 quantitatee
1143 2598 1177 2656 in
1200 2616 1303 2658 unam
1327 2597 1503 2671 lammam,
1525 2621 1543 2662 a

262 2717 331 2789 qna
353 2695 504 2760 subtrahe
524 2697 602 2769 80⁰3
634 2695 785 2760 stautem
799 2697 969 2760 minorell
987 2697 1061 2773 30'‚
1098 2699 1238 2762 eandem
1262 2701 1301 2764 ab
1319 2702 1376 2777 ao'
1391 2703 1542 2780 detrahe,

145 2872 151 2886 ,
262 2821 299 2879 et
313 2802 441 2871 teliduo
456 2797 600 2887 praelige
615 2801 743 2887 liguum
758 2800 977 2888 algebtaieum
993 2805 1198 2888 negativum.

344 2949 579 3035 nuendum
598 2950 783 3037 multiplica
799 2969 857 3036 pet
874 2971 928 3026 to,
950 2953 972 3013 fi
991 2955 1151 3037 angulum
1169 2953 1393 3020 subsidiarium
1416 2960 1544 3042 yadhi·

262 3062 546 3143 buerie3per100
568 3076 665 3132 veto,
687 3058 848 3141 liangulo
868 3068 883 3120 t
903 3056 980 3120 ulus
1003 3058 1114 3124 luerie.
1155 3061 1301 3125 Habebit
1326 3068 1544 3151 quantitatem

262 3164 476 3236 aberrationie
492 3165 529 3225 in
545 3159 764 3226 alcenliooem
786 3176 909 3226 rectem
930 3182 991 3249 pro
1008 3178 1123 3228 natura
1140 3168 1222 3252 ligni
1241 3171 1415 3256 algebraici
1441 3174 1544 3239 alcen·

264 3275 466 3341 lionirectae
479 3269 621 3341 mediae.
643 3286 683 3330 ex
704 3265 846 3330 ftxemm
864 3270 1013 3352 catalogo
1035 3269 1219 3348 delumtae.
1240 3277 1487 3360 applicandam,
1508 3299 1544 3348 ut

262 3380 421 3448 habeatne
436 3373 576 3440 alcenfio
593 3385 680 3435 aecta
695 3394 877 3456 apperens,
907 3373 962 3438 leu
981 3368 1057 3470 viso
1072 3376 1175 3452 lixae,
1203 3382 1269 3445 boe
1291 3383 1353 3462 est,
1379 3407 1441 3475 per
1458 3389 1543 3457 abet.

261 3484 402 3567 ῃᾱοηῑι
419 3481 556 3546 lumiuie
571 3477 729 3546 effectum
744 3480 896 3564 opticum
915 3500 1028 3548 aveto
1045 3484 1121 3548 loco
1139 3484 1279 3556 dimota.

699 3764 1038 3849 Exemplum
1078 3768 1107 3835 1.

343 3983 394 4050 Sit
408 3981 545 4048 effeeme
561 3981 773 4048 aberrationia
788 3981 927 4046 iuminie
943 3984 979 4046 in
990 3983 1209 4053 alcenliooem
1224 4002 1348 4057 rectam
1361 4024 1379 4059 e
1393 3996 1547 4071 Coronae

262 4092 402 4162 borealia
422 4089 478 4152 die
498 4090 666 4176 aduguili
689 4108 766 4167 tssoo
786 4090 1020 4155 inveniendus.
1060 4095 1255 4159 invenimue
1277 4118 1338 4185 pro
1360 4100 1440 4170 dato
1467 4121 1547 4172 tem.

261 4193 576 4289 porealcenlionem
590 4198 825 4276 aectamhujue
850 4192 935 4259 fixae
950 4212 981 4275 7·
1011 4200 1066 4262 τι·
1093 4206 1201 4279 33‘‚7‚
1233 4205 1383 4287 ejusdem
1407 4211 1548 4278 decline·

262 4310 393 4373 tionem
406 4301 572 4365 borealem
595 4303 649 4380 ²7⁶
676 4306 784 4378 a3‚'7‚
806 4302 1053 4389 longitudinem
1077 4303 1154 4376 lolia
1173 4325 1208 4394 4⁸
1243 4315 1298 4378 to·
1329 4327 1364 4380 et
1384 4321 1548 4406 anguium

262 4410 548 4492 iubddiariumy,
570 4418 601 4471 2⁸
636 4409 692 4486 η·
717 4410 817 4490 311‘9·
