3202 5168
683 362 731 437 4¹

145 516 213 599 Qui
230 518 465 592 variationem,
482 540 579 605 quam
596 521 751 603 regressus
766 541 897 586 annuus
910 536 1112 607 punctorum
1130 526 1349 611 aequinoctia·

58 625 145 685 lium
162 627 197 684 iu
219 623 377 707 angulum
394 625 565 708 positionis
582 628 683 711 parit,
707 626 882 712 supputare
896 631 1060 714 cupiunt,
1083 651 1140 715 per
1160 630 1350 719 sequentem

60 731 238 793 formulam
253 743 410 813 poterunt
427 729 584 815 perficere
601 731 789 796 calculum:

225 917 268 936 ·-
291 886 466 966 50,'a3906
488 886 534 947 siu
550 886 619 950 obl.
636 887 748 972 eclipt.
767 885 811 946 sur
825 885 879 948 At
896 882 957 948 sec.
973 883 1093 948 declin.

62 1040 115 1103 vel
131 1058 191 1125 pro
205 1038 366 1126 praesenti
381 1039 490 1104 seculo

219 1230 262 1246 -
284 1202 453 1279 20,'0tto9
476 1197 522 1259 lin
543 1198 600 1260 ut.
625 1194 685 1260 sec.
704 1195 825 1260 declin.

140 1354 358 1439 Inaequaliras
379 1355 520 1416 aetionis
545 1351 642 1426 solis,
663 1373 748 1438 quae
768 1353 856 1415 iuter
879 1353 1169 1439 aequinoctiorum
1193 1365 1226 1416 et
1251 1352 1348 1418 soilli·

60 1463 187 1525 tiorum
211 1459 380 1522 intervalla
402 1456 596 1530 intercedit,
621 1457 887 1543 inaequalitatem
909 1479 1053 1522 annuam
1072 1460 1107 1520 iu
1131 1459 1348 1544 praecessione

60 1566 169 1631 media
187 1564 240 1629 seu
256 1562 418 1628 uniformi
433 1563 721 1647 aequinoctiorum
737 1565 862 1648 gignit,
884 1584 968 1650 quae
984 1563 1025 1625 ad
1052 1584 1158 1627 unum
1174 1566 1348 1628 minutum

63 1671 243 1734 secundum
266 1668 413 1751 assurgit,
436 1687 586 1754 quaeque
600 1670 636 1730 iu
651 1670 917 1756 exquifitioribua
940 1668 1040 1733 noslri
1064 1671 1135 1733 aevi
1150 1667 1347 1735 observatio·

60 1780 161 1841 nibus
177 1795 386 1861 nequaquam
410 1775 604 1858 negligenda
629 1775 682 1837 est.
725 1774 860 1837 Accedit
883 1773 923 1836 ad
944 1774 1034 1837 illam
1056 1777 1210 1860 aequatio
1229 1776 1345 1849 altera,

60 1904 146 1969 quae
159 1882 423 1966 inaequalitatem
440 1879 571 1940 dimidii
588 1882 711 1942 minuti
731 1879 864 1943 secundi
882 1883 917 1942 iu
935 1881 1165 1964 obliquitatem
1175 1882 1346 1965 eclipticas

60 1992 162 2073 parit,
185 2007 251 2072 quo
275 1983 333 2058 sit,
354 2000 393 2048 ut
414 1986 592 2070 obliquitas
618 2005 688 2048 uno
710 1988 843 2048 minuto
864 1984 1006 2049 secundo
1024 1990 1130 2064 major
1145 1985 1181 2047 llt
1196 1998 1346 2071 tempore

59 2093 369 2177 aequinoctiorum,
403 2109 504 2174 quam
532 2105 680 2174 ternpore
704 2089 924 2153 solslitiorum.
986 2091 1031 2152 Hi
1054 2091 1122 2153 duo
1138 2088 1273 2154 effectus
1289 2112 1347 2177 per

58 2202 194 2261 unicam
218 2197 352 2280 possunt
372 2195 485 2278 effingi
506 2181 720 2279 hypotbefin,
737 2195 913 2258 tribuendo
936 2198 1095 2258 nimirum
1118 2197 1244 2260 telluris
1265 2197 1344 2280 polo

58 2318 193 2366 motum
210 2300 481 2370 semi-aunuum,
500 2320 568 2384 quo
583 2301 751 2363 circellum
767 2301 867 2362 unius
882 2301 1006 2362 minuti
1020 2298 1154 2363 secundi
1172 2303 1207 2362 in
1222 2301 1344 2365 diame-

57 2425 109 2474 tro
127 2411 163 2469 in
190 2403 424 2490 consequentia
447 2405 613 2488 lignomm
634 2402 808 2476 describat,
831 2405 890 2489 qui
911 2419 1023 2468 motus
1047 2405 1187 2490 duplum
1208 2420 1342 2470 motum

60 2514 136 2576 solis
153 2517 187 2573 in
204 2513 415 2596 longitudine
430 2523 604 2595 exaequat,
632 2523 665 2572 et
688 2507 813 2593 semper
833 2523 981 2595 tempore
1002 2493 1289 2598 aequinoctiorum
1303 2514 1340 2575 in

59 2625 201 2684 maxima
216 2620 387 2703 eclipticae
405 2637 422 2680 a
438 2617 516 2700 polo
533 2615 679 2678 distantia
695 2613 749 2677 esl.
790 2615 904 2679 Oritur
920 2616 1039 2680 exinde
1054 2637 1189 2704 quoque
1208 2634 1340 2693 motus,

59 2747 128 2814 quo
144 2726 282 2788 siderum
304 2723 472 2785 distantiae
491 2735 681 2808 apparentes
700 2741 718 2783 a
737 2721 817 2805 polo
834 2725 1019 2807 sequuturis
1041 2725 1091 2789 bis
1114 2727 1233 2811 quovis
1249 2743 1339 2788 anno
1411 2722 1414 2731 ’

56 2833 231 2896 variationi
251 2831 350 2891 unius
365 2831 489 2891 minuti
506 2828 638 2892 secundi
655 2826 884 2907 subjiciuntur.

137 2937 187 2999 Ad
219 2934 439 3017 supputandas
463 2937 576 3018 itaque,
598 2947 702 3017 partes
723 2934 933 3006 variationis,
961 2934 1068 2996 cuivis
1094 2933 1173 2996 anni
1196 2935 1339 3016 tempori

56 3036 311 3128 respondentes,
333 3041 368 3097 iu
383 3038 504 3122 quibua
518 3040 618 3116 hujus
639 3038 733 3100 semi·
744 3057 871 3100 annuae
887 3040 1129 3124 inaequalitatis
1144 3040 1227 3101 ratio
1244 3040 1340 3102 habe·

46 3164 129 3216 tur,
145 3145 369 3207 subnectimus
385 3142 528 3203 tabulam
538 3142 728 3227 sequentem
745 3143 785 3205 ad
794 3156 939 3204 mentem
952 3141 1004 3206 cl.
1022 3145 1339 3217 MASIOELYNE,

58 3273 97 3314 ex
116 3270 177 3335 qua
194 3249 325 3308 numeri
342 3247 533 3316 decimales,
554 3248 736 3309 dataeanni
749 3248 817 3312 diei
830 3245 1079 3331 respondentes,
1101 3264 1338 3333 excerpuntur,

57 3373 92 3423 et
114 3361 148 3417 in
171 3355 260 3416 datas
285 3373 410 3415 annuas
426 3353 622 3414 variationes
641 3351 734 3413 ducti
756 3352 905 3432 ejuadem
925 3354 1114 3415 variationis
1138 3357 1338 3439 quantitates

58 3484 119 3550 pro
136 3462 250 3547 quavis
269 3460 347 3520 anui
362 3460 509 3521 diesuna
525 3459 561 3516 in
580 3454 762 3520 ascensione
775 3470 881 3530 recta,
903 3471 976 3518 tum
988 3458 1025 3521 io
1046 3456 1268 3526 declinatione
1286 3482 1338 3529 ex·

56 3570 231 3633 hibebnnt.

139 3673 188 3735 Sit
203 3691 230 3732 e.
248 3691 279 3754 g.
296 3667 435 3730 ascensio
454 3680 541 3731 recta
555 3665 726 3751 Capellae,
749 3686 847 3753 quam
862 3664 954 3751 supra
971 3685 1031 3751 pro
1050 3669 1148 3733 initio
1165 3676 1243 3736 anni
1261 3701 1336 3763 ¹790

58 3777 327 3861 supputavimus,
349 3775 389 3835 ad
405 3774 493 3836 diem
511 3772 630 3835 sextam
648 3771 784 3857 nugulli
803 3771 1005 3849 reducenda;
1040 3777 1101 3839 erit
1134 3779 1246 3865 itaque
1261 3803 1335 3868 pars

56 3882 311 3967 proportionalis
331 3895 372 3942 z
400 3880 530 3964 65‚”629
545 3894 568 3940 κ
585 3886 653 3954 0,62
669 3894 712 3943 z
725 3879 854 3964 40,'69o
882 3879 975 3961 (part
996 3879 1129 3967 simplex
1150 3891 1335 3971 proportio·

55 3986 141 4049 nalia
162 3984 394 4046 tautummodo
416 3981 523 4045 suisset
545 3988 704 4069 39,'197).
744 3983 890 4070 ideoque
914 3983 1052 4052 ascensio
1074 4002 1161 4055 recta
1183 3992 1335 4078 Capellae

57 4109 119 4177 pro
138 4088 211 4151 data
227 4088 279 4151 die
295 4089 378 4152 sexta
394 4088 528 4174 Augusti
547 4105 589 4153 Ξ
612 4103 640 4157 2⁸
678 4115 690 4157 1
697 4092 731 4172 ς’
753 4094 803 4159 ιδ’
824 4095 945 4175 3‚'087.
986 4117 988 4120 ⁴
