3202 5168
778 322 824 379 10

160 501 281 569 talsslas
303 496 448 586 speciles
477 496 513 565 ia
544 492 704 582 Eplrsrur.
737 492 849 577 adron.
893 488 1050 576 ViennenJ.
1086 489 1129 555 ad
1160 509 1277 557 annun
1312 500 1398 577 r784
1423 504 1454 558 et

161 664 230 736 1785
253 652 371 726 editas,·
388 645 445 733 sed
467 649 552 715 ultra
575 647 697 713 rrrodrsrn
718 648 767 709 ita
788 642 936 726 vitiosas,
969 655 999 709 et
1019 643 1244 732 sphalmatilus
1273 648 1456 733 omnigenis

155 801 320 885 scatentes,
345 810 381 866 ut
401 800 524 866 illarum
548 803 621 882 usus
642 798 716 873 oie,
738 805 794 860 aut
816 814 855 858 ne
874 794 927 858 ois
950 793 1067 878 quiden
1079 794 1266 876 suadendos.

234 1103 347 1174 'Anno
366 1109 439 1181 1788
463 1099 507 1166 α.
532 1092 788 1167 DELAMBRE
815 1117 879 1161 non
903 1095 1004 1181 solum
1035 1117 1095 1184 pro
1127 1096 1264 1164 ducentis
1293 1103 1446 1193 W.

161 1258 254 1341 ginta
278 1266 308 1319 et
330 1253 447 1318 duabu
464 1250 558 1335 flellis
582 1247 702 1313 tabuas
724 1247 853 1327 confecit
869 1248 1036 1335 speciales,
1060 1253 1095 1315 in
1118 1252 1321 1338 compluribus
1343 1253 1445 1343 Ephe.

162 1428 235 1472 mer.
256 1407 366 1489 astron.
393 1399 518 1486 Parifin.
541 1398 742 1466 voluminibus
757 1396 886 1485 sparfim
908 1401 1032 1476 editas,·
1062 1403 1119 1484 sed
1141 1413 1171 1468 et
1191 1425 1251 1490 pro
1271 1417 1349 1471 nota
1370 1430 1444 1495 per.

156 1555 336 1642 spicacitate
350 1554 414 1636 sua
435 1564 465 1618 et
493 1553 613 1638 ingenii
643 1552 780 1615 aaunine
795 1548 940 1632 subtilius
963 1551 1088 1618 liuninis
1110 1555 1331 1622 aberrationem
1354 1563 1442 1626 inda·

155 1702 270 1792 gavit,
305 1714 395 1791 atque
418 1705 454 1769 in
475 1703 691 1790 pertractando
714 1701 770 1766 lroc
801 1713 982 1789 argumento
1003 1707 1239 1802 geometricam,
1271 1728 1334 1795 qua
1356 1716 1443 1777 „snt

157 1853 217 1937 fiae
249 1856 364 1942 pollet,
389 1857 537 1921 rationem
561 1856 635 1920 adeo
663 1851 813 1940 diffudit,
850 1864 887 1919 ut
911 1875 1011 1919 manes
1050 1854 1252 1922 abmationis
1287 1859 1373 1946 leges
1408 1867 1444 1927 in

120 2074 123 2079 ,
164 2003 341 2089 arctiffimos
363 2009 495 2092 coegerit
517 2007 643 2082 limites,
662 2017 693 2071 et
715 2003 1055 2091 incompendiofiffimas
1074 2008 1284 2091 constrinxerit
1303 2013 1441 2090 tabulas,

163 2161 211 2230 ita
233 2170 270 2223 ut
281 2157 360 2222 nilril
375 2153 535 2238 desiderari
549 2177 603 2221 nec
615 2160 790 2223 concinnius
803 2179 857 2221 uec
871 2157 1082 2223 admirabilior
1091 2155 1198 2244 poffet.
1252 2158 1441 2254 Quamquam

162 2311 241 2376 nilril
260 2331 318 2396 per
344 2309 625 2376 commendationum
656 2309 787 2391 nostrane
818 2311 982 2395 quidquam
1006 2309 1080 2373 addi
1100 2306 1213 2395 poffit,
1254 2336 1319 2382 non
1341 2330 1443 2388 tam

160 2461 314 2546 poffurnus
342 2483 404 2525 non
434 2464 484 2528 lric
504 2462 621 2546 publice
644 2459 782 2543 testatum
810 2463 1024 2545 praemittere,
1060 2472 1206 2545 quantum
1239 2465 1362 2534 tabulae
1388 2475 1443 2538 lsar

163 2609 201 2674 in
221 2606 418 2688 conficiendis
442 2610 553 2693 nastris
582 2608 691 2672 auxilii
723 2620 924 2694 quantamque
953 2611 1101 2677 utilitatis
1126 2612 1333 2698 praebuerint.
1361 2643 1364 2647 ·
1399 2625 1441 2689 ct

163 2757 279 2827 Auctor
303 2755 422 2822 talsslos
445 2759 502 2820 lias
521 2759 654 2843 primum
671 2758 753 2823 dedit
772 2761 806 2824 in
823 2757 979 2846 Epiressrer.
994 2762 1153 2845 astronom
1174 2762 1303 2848 Parifin.
1329 2771 1373 2840 ad
1389 2796 1443 2838 arr·

120 2976 124 2983 ,
162 2933 236 2978 rrum
261 2919 353 2991 1788,
377 2909 448 2974 dein
462 2907 504 2971 ad
518 2909 690 2995 ampliorari
712 2909 798 2991 usum
812 2912 1021 2977 accomodatas
1039 2912 1120 2976 torio
1143 2911 1196 2978 lX
1210 2913 1445 3002 Epherneridum

166 3062 209 3131 ct.
235 3059 297 3130 DE
326 3059 380 3128 LA
402 3057 560 3127 LANDE
600 3050 890 3146 (e'plse'rnlrides
917 3064 983 3127 des
1013 3086 1258 3132 rnouoemens
1282 3061 1444 3158 ce'lefles

160 3235 261 3300 pour
285 3212 318 3277 le
339 3199 529 3277 rnc'ridien
553 3211 596 3276 de
622 3211 758 3288 Poris,
781 3222 882 3278 tome
903 3203 1125 3290 neuoiime,
1148 3232 1366 3293 concessant
1383 3230 1447 3296 les

142 3366 253 3430 ‚lruit
277 3353 420 3430 anne‘es
444 3363 489 3427 de
521 3375 610 3448 1793
632 3350 654 3426 d
676 3371 790 3438 stom
817 3360 956 3439 Paris,
982 3365 1111 3452 1792.)

265 3661 362 3728 Porro
383 3668 546 3735 onnortoa
571 3661 691 3726 talrrrlre
707 3661 863 3747 speciales,
889 3685 1013 3729 numero
1030 3666 1357 3756 satisamploGotlrae
1382 3685 1446 3748 cal-

164 3815 293 3891 culatae,
318 3825 348 3879 et
370 3833 436 3878 curn
464 3812 506 3878 cc
532 3808 597 3878 DE
624 3809 679 3876 LA
706 3809 864 3879 LANDE
887 3835 908 3876 a
931 3815 1018 3880 nobis
1028 3825 1277 3902 communicatae,
1297 3829 1331 3891 in
1343 3838 1448 3898 uariis

161 3966 364 4030 comminius
396 3960 552 4050 Eplemer.
586 3961 745 4047 oqlrononr.
781 3959 908 4046 Porrfin.
946 3965 1055 4052 poffim
1095 3972 1192 4037 editoe
1232 3984 1262 4038 et
1299 3979 1447 4065 disjectae

156 4115 243 4199 Junt.

268 4413 403 4484 Tanta
425 4433 495 4482 aero
519 4413 575 4478 trae
595 4411 769 4501 pleramque
791 4415 833 4479 ad
859 4421 1001 4504 temporis
1025 4420 1152 4506 epoclrar
1173 4430 1347 4496 remotiores
1375 4454 1447 4500 corr·

162 4570 404 4652 trecasine,
435 4584 498 4631 non
523 4564 565 4629 ad
587 4561 849 4651 recentiffimarnrn
873 4566 1110 4660 disquisitionum
1136 4596 1274 4643 numeros
1299 4579 1445 4668 digestae,
