3202 5168
355 1337 1089 1450 mmollwowzo.

558 1607 906 1639 —-—-··-·

86 1826 273 1978 Quinque
296 1867 371 1933 sunt
395 1869 535 1934 lixarum
560 1883 674 1935 motua
690 1884 901 1956 apparentea,
930 1871 1051 1957 quibua
1068 1867 1129 1942 sit,
1150 1880 1189 1931 ut
1206 1879 1366 1952 perpetuo

85 1993 103 2035 a
120 1975 215 2036 nobie
232 1974 493 2059 conspiciantur,
514 1978 573 2039 ubi
590 1997 667 2040 vere
683 1997 753 2038 non
768 1975 855 2039 sunt.
882 1959 885 1965 ἢ

163 2079 360 2152 Praecesoo,
382 2081 435 2144 vel
458 2083 572 2167 potina
595 2081 748 2168 regressus
763 2095 965 2166 punctorum
980 2077 1295 2166 aequinoctialium
1317 2077 1366 2139 lu·

83 2186 186 2246 minia
205 2183 376 2248 successiva
398 2187 555 2250 aberratio
575 2190 703 2269 optica;
731 2189 798 2249 axia
822 2185 1021 2270 sphaeroidia
1043 2182 1195 2246 terrestria
1216 2182 1367 2254 nutatioa

83 2290 222 2353 variatio
255 2288 441 2352 latitudinis
469 2311 509 2354 ex
530 2290 756 2354 diminutione
784 2290 988 2376 obliquitatia
1016 2289 1186 2372 eclipticae
1206 2285 1366 2362 oriunda3

83 2409 198 2459 motua
218 2394 409 2480 peculiaria.
432 2416 532 2480 quem
555 2408 678 2458 motum
691 2398 863 2478 proprium
878 2397 1037 2465 dicimua‚
1055 2407 1088 2454 et
1103 2392 1161 2477 qui
1177 2389 1212 2451 in
1231 2403 1366 2452 motum

84 2504 189 2565 totiua
205 2500 381 2583 systematia
398 2499 507 2563 solaria
525 2503 681 2580 rejicitur.
721 2501 773 2562 En
790 2513 902 2563 motua
919 2503 979 2563 boa
997 2517 1067 2561 nou
1082 2497 1365 2562 observationibua

10 2686 15 2696 .
84 2607 319 2670 tantummodo
336 2605 517 2680 confictoa,
534 2606 587 2670 sed
605 2626 644 2668 ex
660 2605 891 2690 probatissimis
911 2618 945 2667 et
964 2603 1206 2689 generalissimia
1228 2605 1365 2688 gravita-

84 2713 127 2774 tia
150 2712 338 2775 universalia
363 2712 491 2798 legibue
514 2713 699 2784 derivatos,
727 2724 761 2774 et
782 2713 983 2794 argumentis
1004 2709 1205 2773 validissimia
1225 2729 1244 2773 e
1266 2708 1364 2771 subli-

84 2819 185 2882 miori
201 2818 351 2881 scientiae
370 2818 513 2881 coelestia
528 2816 679 2880 doctrina
694 2816 806 2901 petitia
821 2815 996 2888 stabilitos,
1019 2819 1077 2901 qui
1095 2819 1180 2878 miro
1202 2828 1300 2900 atque
1315 2816 1364 2874 in·

84 2923 234 2987 credibili
248 2921 407 2984 consensu
429 2926 584 2987 omnibna
599 2923 857 3008 phaenomcuia,
888 2941 971 3007 quae
992 2922 1150 2984 indebuc
1170 2937 1278 3005 uaque
1300 2918 1364 2981 cal·

64 3101 66 3108 y
83 3029 161 3092 culo
179 3027 315 3088 derivari
328 3040 526 3110 potuerunt,
544 3027 745 3092 satiasaciunt
760 3027 841 3089 adeo
858 3026 1017 3099 mirifice,
1038 3040 1077 3090 ut
1093 3039 1203 3090 tantae
1225 3037 1361 3108 tamque

85 3132 269 3196 admirabili
285 3130 504 3194 variationem
525 3147 560 3196 et
580 3134 824 3196 aberrationum
851 3147 916 3195 tam
938 3134 1154 3217 implexarum
1177 3150 1255 3194 cum
1269 3129 1362 3194 coelo

83 3237 280 3304 concordiae
300 3238 356 3299 vix
379 3235 466 3299 ullua
482 3234 692 3320 perfectionia
707 3238 801 3300 locua
818 3236 972 3323 superesse
987 3238 1148 3300 rideatur.

163 3344 273 3427 Quam
288 3344 324 3402 in
339 3343 472 3402 materia
487 3342 549 3405 bac
564 3343 787 3425 pertractanda
806 3342 934 3407 secutus
950 3345 1007 3406 sim
1020 3348 1202 3415 rationem,
1222 3341 1279 3405 hic
1293 3340 1363 3402 bre·

82 3451 169 3512 viter
187 3445 422 3535 exponendum
445 3445 500 3510 esi.
554 3444 704 3510 sufficiet
725 3464 802 3511 rero
830 3448 986 3513 levissima
1013 3451 1245 3521 adumbratio,
1284 3465 1362 3510 curu

84 3576 221 3620 omnem
242 3556 402 3617 theoriam
425 3552 612 3623 exhaurire,
635 3565 669 3615 et
689 3552 775 3615 intra
801 3551 900 3634 hujua
921 3556 1179 3619 introductionia
1200 3553 1363 3618 cancelloa

84 3661 261 3730 collocare,
288 3659 382 3721 locua
397 3677 466 3721 non
480 3660 643 3743 patiatur,
673 3661 751 3746 quia
775 3661 940 3746 integrum
956 3661 1067 3748 satque
1083 3661 1230 3746 amplum
1249 3673 1363 3722 tracta·

84 3782 158 3830 tum
178 3763 380 3829 conscribere
401 3764 598 3836 debuissem,
627 3779 660 3828 et
675 3783 869 3850 recoquere,
898 3786 982 3852 quae
1005 3766 1182 3830 astronomi
1197 3764 1361 3828 clarissimi

84 3875 242 3935 inhaere
257 3871 385 3954 egregie
398 3882 432 3932 et
445 3871 578 3949 majori,
600 3890 698 3957 quam
713 3889 774 3956 ego
789 3872 981 3957 potuissem,
1009 3872 1169 3957 elegantia
1187 3886 1221 3935 et
1247 3871 1362 3954 ampli·

83 3976 204 4040 tudine
217 3978 432 4039 commentati
449 3973 534 4040 sunt.
576 3976 642 4061 Qui
652 3976 848 4042 sublimioria
859 3979 959 4058 hujua
973 3977 1187 4041 astronomiae
1200 3976 1297 4060 adyta
1312 3978 1362 4038 ln·

84 4080 259 4166 trospicere
283 4082 447 4165 cupiunt.
482 4079 600 4144 adeant
623 4083 808 4146 immortale
825 4082 908 4144 illud
930 4083 1144 4147 latifundium
1163 4084 1213 4146 cl.
1233 4105 1285 4148 mr
1308 4101 1360 4149 zA

83 4186 250 4254 PLACE
274 4186 464 4270 lllbeaniqua
485 4186 608 4280 celeste,
651 4187 743 4274 quod
766 4206 850 4272 opua
866 4187 1045 4254 excelsioria
1065 4189 1278 4254 astronomiae
1299 4190 1361 4252 siu·

85 4294 183 4358 diosra
199 4291 240 4353 de
257 4291 383 4352 meliori
403 4305 481 4355 nota
501 4293 785 4358 commendamus.
843 4293 908 4356 Sed
933 4295 1053 4380 quibua
1076 4295 1193 4359 calculi
1214 4295 1360 4358 artificiia

83 4403 120 4463 in
141 4396 276 4483 singulis
308 4397 426 4459 horum
451 4412 608 4461 motuum
629 4398 915 4485 inaequalitatibua
936 4398 1134 4465 desarrieudia
1169 4401 1267 4463 simua
1295 4400 1360 4470 usi,

84 4507 207 4591 quibua
226 4499 458 4566 itabaeserimua
479 4502 636 4589 vestigiia‚
658 4507 779 4591 quibua
793 4508 975 4571 rationibna
989 4509 1166 4579 commoti,
1181 4525 1361 4570 numerum

84 4614 177 4677 huuc
190 4612 315 4697 potina,
330 4628 429 4696 quam
444 4608 544 4675 alium
558 4612 808 4694 praetulerimua
817 4655 829 4688 ‚
844 4612 1167 4679 euanaudumuobia
1182 4611 1243 4688 eil,
1265 4632 1307 4678 ne
1323 4614 1361 4676 io
