3202 5168
769 266 843 347 tii

165 463 374 531 obtinemus,
394 468 434 521 ut
449 458 485 517 in
499 452 607 539 prima
618 450 767 515 'editione
789 450 977 515 tabularum
990 450 1176 521 nostrarum
1202 458 1283 527 iniis
1307 482 1385 551 pag.
1399 484 1444 543 ης

165 572 231 648 jam
249 564 454 626 monuimus.
495 562 531 623 Si
545 558 706 621 stellarum
720 556 914 641 itaqueiire
927 566 1125 637 errantium,
1146 564 1214 629 iive
1237 570 1449 634 inerrantium

166 674 238 733 loca
250 690 289 733 ex
304 669 507 753 planetarum
521 664 659 735 tabulis,
680 662 734 723 vei
749 682 789 725 ex
802 660 944 725 fixarum
960 665 1109 751 catalogo
1133 684 1317 753 petantur,
1345 678 1385 739 ab
1401 680 1445 741 ab·

162 776 332 839 errationis
349 788 380 837 et
398 772 580 837 amnionis
594 768 765 833 effectibus
780 769 943 831 immunia
966 784 1001 833 et
1022 792 1104 835 vera
1124 772 1217 841 iuut.
1262 780 1301 843 Si
1322 800 1398 845 raro
1413 782 1445 843 ii-

160 882 201 943 lis
218 880 408 945 earumdem
431 876 567 943 effectus
587 894 666 937 cum
690 872 876 937 tabularum
904 874 1003 959 lignis
1026 878 1258 963 applicentur:
1281 900 1445 949 vertuntur

160 990 196 1049 in
213 986 421 1067 apparentia.
461 980 586 1045 Contra
603 999 658 1052 ea,
682 978 823 1042 fidorum
842 978 1008 1045 observata
1030 984 1105 1047 loca
1118 992 1317 1073 apparentia
1334 992 1444 1055 aberra·

160 1094 264 1155 tionis
291 1088 541 1170 nutationisque
564 1082 735 1149 effectibus
751 1086 923 1170 inquinata
938 1086 1031 1159 [unt.
1052 1110 1157 1173 quae.
1186 1094 1209 1155 ii
1231 1096 1276 1159 ab
1297 1098 1347 1160 hia
1360 1098 1444 1161 eii'ee.

162 1200 252 1261 tibus
272 1197 308 1257 in
330 1192 448 1256 tabulis
469 1192 625 1253 exhibitis
640 1205 823 1277 purgentur
846 1205 880 1253 et
903 1192 998 1277 iignis
1022 1198 1200 1261 contrariis
1227 1201 1442 1285 applicentun

160 1298 412 1365 vertuntnrhoo
427 1296 529 1360 ruodo
545 1298 580 1358 in
595 1298 666 1360 loca
681 1318 773 1363 vera.
815 1298 921 1361 Nobis
943 1300 1055 1382 itaque
1079 1300 1155 1365 loca
1183 1325 1274 1367 vera
1295 1320 1328 1369 et
1348 1308 1442 1369 melia

160 1406 250 1469 idem
266 1400 468 1487 significant,
487 1402 578 1489 quod
594 1415 729 1485 propter
742 1404 883 1467 aliorum
897 1419 1074 1468 auctorum
1097 1420 1256 1473 mentem
1278 1412 1377 1497 probe
1392 1430 1443 1475 no·

161 1512 301 1575 tandum
322 1508 503 1583 duximus3
539 1528 559 1570 a
585 1506 683 1570 uobis
706 1528 785 1573 vero
810 1510 1041 1576 denominatio
1065 1510 1132 1577 toci
1151 1515 1260 1581 medii
1281 1536 1441 1605 uunquam

160 1617 335 1701 usurpatur

238 1760 348 1826 Potest
366 1762 533 1847 quantitas
559 1759 771 1823 aberrationit
801 1720 916 1903 Ῐ-ΞΞῘ
936 1803 946 1822 .
966 1760 1019 1824 D.
1038 1784 1064 1844 g
1083 1764 1126 1826 ad
1154 1768 1281 1833 calculi
1306 1788 1439 1837 mumo-

160 1910 297 1973 ditarem
318 1927 377 1992 per
396 1906 540 1968 tabulam
561 1906 731 1979 exhiberi;
758 1904 814 1967 ied
837 1925 916 1968 cum
940 1906 976 1967 in
998 1911 1089 1991 praxi
1105 1914 1289 1979 moleiinm
1301 1920 1395 1981 nimia
1407 1930 1438 1981 et

158 2014 359 2080 fastidiosum
375 2012 428 2083 itt,
449 2009 558 2073 tabula
576 2029 615 2071 ex
629 2010 761 2073 duobus
776 2010 976 2094 argumentis
997 2011 1144 2079 conflata
1166 2022 1238 2083 uti:
1258 2022 1307 2085 ct
1323 2024 1438 2085 LAM-

159 2122 300 2187 BEflT
313 2122 399 2183 hanc
415 2112 556 2179 artificio
571 2114 716 2201 quodam
741 2114 783 2177 ad
802 2116 942 2179 unicum
962 2115 1093 2183 reduxit
1114 2138 1365 2211 argumentum,
1381 2144 1441 2211 po·

160 2226 272 2292 nendo
285 2226 464 2289 nimirum:

441 2402 471 2463 4-
493 2385 535 2447 D·
555 2403 577 2469 s
596 2396 638 2448 Ξ
660 2382 860 2469 [ln-nst
882 2416 925 2437 ·-
943 2386 1146 2479 (lt-sn]

160 2541 251 2606 unde
269 2542 428 2607 aberratio
449 2546 534 2608 erit:

483 2694 595 2860 ζ-ζ-ζοᾷ
617 2716 818 2802 [maen
840 2720 1114 2810 -w-arl

238 2943 339 3006 Dedit
361 2940 428 3005 CL.
451 2941 693 3006 LAMBERT
712 2942 891 3006 fecundum
912 2946 998 3010 hanc
1021 2946 1201 3012 formulam
1222 2950 1370 3020 tabulam
1389 2974 1436 3042 ge·

158 3050 300 3113 neralem
315 3049 525 3110 aberrationis
542 3050 577 3108 in
612 3049 799 3111 collectione
829 3050 1013 3114 tabularum
1041 3052 1339 3147 astronomicarum
1359 3066 1434 3144 Bag.

149 3148 271 3247 scient.
296 3153 391 3215 acad.
419 3147 621 3245 Berolinens.
650 3155 760 3215 Tomo
789 3156 854 3227 111.
877 3178 951 3242 pag.
971 3164 1046 3231 162.
1074 3164 1294 3245 exprimendo
1313 3182 1431 3230 motum

157 3261 402 3342 geocentricum
420 3258 526 3320 fidenis
542 3258 755 3343 ejusdemque
777 3260 961 3326 distantiam
983 3285 1000 3327 ι
1020 3265 1139 3331 tellure
1157 3270 1197 3330 in
1219 3273 1360 3337 minutis
1379 3274 1432 3358 pri·

155 3366 238 3435 mis.
258 3364 360 3447 posita
382 3364 436 3425 illa
458 3362 531 3426 [olio
553 3383 571 3425 a
594 3377 673 3427 terra
694 3380 736 3429 Ξ
759 3388 795 3429 ιο
808 3368 892 3431 Min.
946 3371 1096 3434 Eandem
1116 3374 1206 3438 hanc
1233 3380 1379 3442 tabulam
1396 3378 1430 3441 le·

156 3469 305 3531 cundum
327 3466 501 3530 formulam
520 3468 668 3544 allatam,
704 3470 743 3532 ad
763 3492 919 3536 numeros
939 3478 1137 3541 recentiores
1156 3499 1388 3568 exaequatam,
1403 3495 1430 3549 et

155 3572 281 3637 calculo
296 3573 335 3637 ab
353 3591 417 3636 ovo
434 3572 613 3657 subjectam
630 3578 666 3640 in
682 3578 917 3644 calculatorum
938 3580 1076 3663 gratiam
1092 3579 1325 3665 subjiciemus.
