<?xml version="1.0" encoding="UTF-8"?>
<!DOCTYPE html PUBLIC "-//W3C//DTD XHTML 1.0 Transitional//EN"
    "http://www.w3.org/TR/xhtml1/DTD/xhtml1-transitional.dtd">
<html xmlns="http://www.w3.org/1999/xhtml" xml:lang="en" lang="en">
 <head>
  <title>
</title>
<meta http-equiv="Content-Type" content="text/html;charset=utf-8" />
  <meta name='ocr-system' content='tesseract 3.04.00' />
  <meta name='ocr-capabilities' content='ocr_page ocr_carea ocr_par ocr_line ocrx_word'/>
</head>
<body>
  <div class='ocr_page' id='page_1' title='image "./tabvlaespeciale00zachgoog_0028.png"; bbox 0 0 3202 5168; ppageno 0'>
   <div class='ocr_carea' id='block_1_1' title="bbox 706 303 753 382">
    <p class='ocr_par' dir='ltr' id='par_1_1' title="bbox 706 303 753 382">
     <span class='ocr_line' id='line_1_1' title="bbox 706 303 753 382; baseline 0 0"><span class='ocrx_word' id='word_1_1' title='bbox 706 303 753 382; x_wconf 88' lang='lat'><strong>¹9</strong></span> 
     </span>
    </p>
   </div>
   <div class='ocr_carea' id='block_1_2' title="bbox 186 454 1202 758">
    <p class='ocr_par' dir='ltr' id='par_1_2' title="bbox 186 454 1202 758">
     <span class='ocr_line' id='line_1_2' title="bbox 186 454 787 562; baseline 0.005 -46"><span class='ocrx_word' id='word_1_2' title='bbox 186 495 412 562; x_wconf 50' lang='lat' dir='ltr'>“smn-</span> <span class='ocrx_word' id='word_1_3' title='bbox 453 454 871 572; x_wconf 64' lang='grc' dir='ltr'><strong>κῦηξᾶἱοοῐἸχ</strong></span> 
     </span>
     <span class='ocr_line' id='line_1_3' title="bbox 431 523 871 644; baseline -0.005 -18"><span class='ocrx_word' id='word_1_4' title='bbox 431 581 470 626; x_wconf 91' lang='lat' dir='ltr'><strong>co</strong></span> <span class='ocrx_word' id='word_1_5' title='bbox 474 523 871 644; x_wconf 59' lang='lat' dir='ltr'><strong>lchoiffl-r-dD)</strong></span> 
     </span>
     <span class='ocr_line' id='line_1_4' title="bbox 186 664 1202 758; baseline 0.009 -32"><span class='ocrx_word' id='word_1_6' title='bbox 186 679 210 726; x_wconf 84' lang='lat' dir='ltr'>x</span> <span class='ocrx_word' id='word_1_7' title='bbox 233 665 351 750; x_wconf 88' lang='lat' dir='ltr'><strong>[cole</strong></span> <span class='ocrx_word' id='word_1_8' title='bbox 371 664 462 749; x_wconf 56' lang='lat' dir='ltr'><strong>coi}</strong></span> <span class='ocrx_word' id='word_1_9' title='bbox 485 667 605 730; x_wconf 65' lang='lat' dir='ltr'><strong>dir·</strong></span> <span class='ocrx_word' id='word_1_10' title='bbox 627 667 673 728; x_wconf 87' lang='lat' dir='ltr'><strong>lin</strong></span> <span class='ocrx_word' id='word_1_11' title='bbox 695 687 713 730; x_wconf 90' lang='lat' dir='ltr'><strong>e</strong></span> <span class='ocrx_word' id='word_1_12' title='bbox 734 667 838 752; x_wconf 84' lang='lat' dir='ltr'><strong>tangi</strong></span> <span class='ocrx_word' id='word_1_13' title='bbox 859 667 906 729; x_wconf 85' lang='lat' dir='ltr'><strong>liu</strong></span> <span class='ocrx_word' id='word_1_14' title='bbox 931 669 979 748; x_wconf 76' lang='lat'><strong>(1.</strong></span> <span class='ocrx_word' id='word_1_15' title='bbox 999 687 1041 737; x_wconf 86' lang='lat' dir='ltr'><strong>·t·</strong></span> <span class='ocrx_word' id='word_1_16' title='bbox 1060 677 1077 754; x_wconf 68' lang='grc' dir='ltr'><em>ξ</em></span> <span class='ocrx_word' id='word_1_17' title='bbox 1099 671 1202 758; x_wconf 86' lang='lat' dir='ltr'><strong>dL&gt;]</strong></span> 
     </span>
    </p>
   </div>
   <div class='ocr_carea' id='block_1_3' title="bbox 87 796 954 1012">
    <p class='ocr_par' dir='ltr' id='par_1_3' title="bbox 87 796 954 1012">
     <span class='ocr_line' id='line_1_5' title="bbox 87 796 954 883; baseline 0.008 -27"><span class='ocrx_word' id='word_1_18' title='bbox 87 808 121 857; x_wconf 87' lang='lat' dir='ltr'><strong>et</strong></span> <span class='ocrx_word' id='word_1_19' title='bbox 142 814 219 860; x_wconf 89' lang='lat' dir='ltr'><strong>cum</strong></span> <span class='ocrx_word' id='word_1_20' title='bbox 243 796 508 862; x_wconf 78' lang='lat' dir='ltr'><strong>sufficientiliirna</strong></span> <span class='ocrx_word' id='word_1_21' title='bbox 528 797 723 883; x_wconf 91' lang='lat' dir='ltr'><strong>plerumque</strong></span> <span class='ocrx_word' id='word_1_22' title='bbox 744 802 954 863; x_wconf 73' lang='lat' dir='ltr'><strong>accuratione</strong></span> 
     </span>
     <span class='ocr_line' id='line_1_6' title="bbox 188 927 844 1012; baseline -0.002 -19"><span class='ocrx_word' id='word_1_23' title='bbox 188 927 844 1012; x_wconf 53' lang='lat' dir='ltr'><strong>annumeranti-arta)</strong></span> 
     </span>
    </p>
   </div>
   <div class='ocr_carea' id='block_1_4' title="bbox 188 1059 1365 1152">
    <p class='ocr_par' dir='ltr' id='par_1_4' title="bbox 188 1059 1365 1152">
     <span class='ocr_line' id='line_1_7' title="bbox 188 1059 1365 1152; baseline 0.011 -30"><span class='ocrx_word' id='word_1_24' title='bbox 188 1061 249 1124; x_wconf 81' lang='lat' dir='ltr'><strong>dd</strong></span> <span class='ocrx_word' id='word_1_25' title='bbox 269 1077 310 1124; x_wconf 77' lang='lat' dir='ltr'><strong><em>z</em></strong></span> <span class='ocrx_word' id='word_1_26' title='bbox 329 1061 387 1123; x_wconf 83' lang='lat' dir='ltr'><strong>dL</strong></span> <span class='ocrx_word' id='word_1_27' title='bbox 408 1059 556 1129; x_wconf 80' lang='lat' dir='ltr'><strong>cole-r-</strong></span> <span class='ocrx_word' id='word_1_28' title='bbox 575 1060 635 1124; x_wconf 85' lang='lat' dir='ltr'><strong>dL</strong></span> <span class='ocrx_word' id='word_1_29' title='bbox 658 1061 740 1125; x_wconf 85' lang='lat' dir='ltr'><strong>fine</strong></span> <span class='ocrx_word' id='word_1_30' title='bbox 761 1061 806 1123; x_wconf 86' lang='lat' dir='ltr'><strong>lin</strong></span> <span class='ocrx_word' id='word_1_31' title='bbox 828 1060 1022 1145; x_wconf 64' lang='grc' dir='ltr'>(Δ-ι-ζᾶΔ)</span> <span class='ocrx_word' id='word_1_32' title='bbox 1043 1064 1365 1152; x_wconf 57' lang='lat' dir='ltr'><strong>augme-§dlii</strong></span> 
     </span>
    </p>
   </div>
   <div class='ocr_carea' id='block_1_5' title="bbox 86 1191 1368 4411">
    <p class='ocr_par' dir='ltr' id='par_1_5' title="bbox 86 1191 1368 2116">
     <span class='ocr_line' id='line_1_8' title="bbox 169 1191 1365 1287; baseline 0.009 -33"><span class='ocrx_word' id='word_1_33' title='bbox 169 1192 218 1254; x_wconf 88' lang='lat' dir='ltr'><strong>Sit</strong></span> <span class='ocrx_word' id='word_1_34' title='bbox 232 1210 329 1277; x_wconf 91' lang='lat' dir='ltr'><strong>porro</strong></span> <span class='ocrx_word' id='word_1_35' title='bbox 343 1191 516 1275; x_wconf 86' lang='lat' dir='ltr'><strong>praeceifio</strong></span> <span class='ocrx_word' id='word_1_36' title='bbox 533 1211 641 1254; x_wconf 87' lang='lat' dir='ltr'><strong>annua</strong></span> <span class='ocrx_word' id='word_1_37' title='bbox 667 1195 955 1278; x_wconf 88' lang='lat' dir='ltr'><strong>aequinoctiorum</strong></span> <span class='ocrx_word' id='word_1_38' title='bbox 977 1197 1013 1256; x_wconf 92' lang='lat' dir='ltr'><strong>in</strong></span> <span class='ocrx_word' id='word_1_39' title='bbox 1032 1196 1244 1280; x_wconf 86' lang='lat' dir='ltr'><strong>longitudine</strong></span> <span class='ocrx_word' id='word_1_40' title='bbox 1263 1213 1306 1264; x_wconf 74' lang='grc' dir='ltr'><strong>Ξ</strong></span> <span class='ocrx_word' id='word_1_41' title='bbox 1325 1224 1365 1287; x_wconf 85' lang='lat' dir='ltr'><strong>p.</strong></span> 
     </span>
     <span class='ocr_line' id='line_1_9' title="bbox 87 1299 1367 1384; baseline 0.01 -28"><span class='ocrx_word' id='word_1_42' title='bbox 87 1315 245 1358; x_wconf 87' lang='lat' dir='ltr'><strong>numerna</strong></span> <span class='ocrx_word' id='word_1_43' title='bbox 281 1315 468 1367; x_wconf 89' lang='lat' dir='ltr'><strong>annornm,</strong></span> <span class='ocrx_word' id='word_1_44' title='bbox 502 1316 652 1383; x_wconf 89' lang='lat' dir='ltr'><strong>proquo</strong></span> <span class='ocrx_word' id='word_1_45' title='bbox 675 1313 787 1361; x_wconf 91' lang='lat' dir='ltr'><strong>motua</strong></span> <span class='ocrx_word' id='word_1_46' title='bbox 821 1299 930 1360; x_wconf 81' lang='lat' dir='ltr'><strong>liderie</strong></span> <span class='ocrx_word' id='word_1_47' title='bbox 966 1303 1149 1384; x_wconf 87' lang='lat' dir='ltr'><strong>quaeritur,</strong></span> <span class='ocrx_word' id='word_1_48' title='bbox 1177 1317 1276 1381; x_wconf 82' lang='lat' dir='ltr'><strong>:n3</strong></span> <span class='ocrx_word' id='word_1_49' title='bbox 1305 1309 1367 1370; x_wconf 92' lang='lat' dir='ltr'><strong>erit</strong></span> 
     </span>
     <span class='ocr_line' id='line_1_10' title="bbox 87 1400 1368 1487; baseline 0.009 -25"><span class='ocrx_word' id='word_1_50' title='bbox 87 1422 144 1484; x_wconf 90' lang='lat' dir='ltr'><strong>np</strong></span> <span class='ocrx_word' id='word_1_51' title='bbox 160 1416 201 1464; x_wconf 86' lang='grc'><strong>·.·</strong></span> <span class='ocrx_word' id='word_1_52' title='bbox 217 1402 293 1474; x_wconf 84' lang='lat' dir='ltr'><strong>dL,</strong></span> <span class='ocrx_word' id='word_1_53' title='bbox 313 1416 412 1487; x_wconf 88' lang='lat' dir='ltr'><strong>atque</strong></span> <span class='ocrx_word' id='word_1_54' title='bbox 424 1401 584 1464; x_wconf 82' lang='lat' dir='ltr'><strong>formulae</strong></span> <span class='ocrx_word' id='word_1_55' title='bbox 594 1400 685 1487; x_wconf 89' lang='lat' dir='ltr'><strong>iupra</strong></span> <span class='ocrx_word' id='word_1_56' title='bbox 694 1402 828 1464; x_wconf 85' lang='lat' dir='ltr'><strong>traditae</strong></span> <span class='ocrx_word' id='word_1_57' title='bbox 842 1403 1043 1467; x_wconf 85' lang='lat' dir='ltr'><strong>exhibebunt</strong></span> <span class='ocrx_word' id='word_1_58' title='bbox 1057 1406 1318 1472; x_wconf 77' lang='lat' dir='ltr'><strong>declinationum</strong></span> <span class='ocrx_word' id='word_1_59' title='bbox 1334 1425 1368 1474; x_wconf 87' lang='lat' dir='ltr'><strong>et</strong></span> 
     </span>
     <span class='ocr_line' id='line_1_11' title="bbox 90 1504 1367 1599; baseline 0.002 -33"><span class='ocrx_word' id='word_1_60' title='bbox 90 1504 314 1568; x_wconf 85' lang='lat' dir='ltr'><strong>alcenfionum</strong></span> <span class='ocrx_word' id='word_1_61' title='bbox 330 1506 471 1570; x_wconf 89' lang='lat' dir='ltr'><strong>lidernm</strong></span> <span class='ocrx_word' id='word_1_62' title='bbox 493 1511 712 1581; x_wconf 73' lang='lat' dir='ltr'><strong>mutationes,</strong></span> <span class='ocrx_word' id='word_1_63' title='bbox 733 1508 980 1592; x_wconf 85' lang='lat' dir='ltr'><strong>apraeceilrone</strong></span> <span class='ocrx_word' id='word_1_64' title='bbox 996 1511 1281 1595; x_wconf 89' lang='lat' dir='ltr'><strong>aequinoctiomm</strong></span> <span class='ocrx_word' id='word_1_65' title='bbox 1294 1535 1367 1599; x_wconf 90' lang='lat' dir='ltr'><strong>pro.</strong></span> 
     </span>
     <span class='ocr_line' id='line_1_12' title="bbox 87 1613 268 1675; baseline 0.022 -4"><span class='ocrx_word' id='word_1_66' title='bbox 87 1613 268 1675; x_wconf 77' lang='lat' dir='ltr'><strong>venientes.</strong></span> 
     </span>
     <span class='ocr_line' id='line_1_13' title="bbox 86 1716 1365 1805; baseline 0.009 -28"><span class='ocrx_word' id='word_1_67' title='bbox 86 1728 90 1743; x_wconf 71' lang='lat'><strong><em>¹</em></strong></span> <span class='ocrx_word' id='word_1_68' title='bbox 169 1717 258 1779; x_wconf 86' lang='lat' dir='ltr'><strong>Haec</strong></span> <span class='ocrx_word' id='word_1_69' title='bbox 275 1733 340 1779; x_wconf 91' lang='lat' dir='ltr'><strong>erat</strong></span> <span class='ocrx_word' id='word_1_70' title='bbox 355 1720 516 1782; x_wconf 74' lang='lat' dir='ltr'><strong>hactenus</strong></span> <span class='ocrx_word' id='word_1_71' title='bbox 534 1717 650 1781; x_wconf 83' lang='lat' dir='ltr'><strong>calculi</strong></span> <span class='ocrx_word' id='word_1_72' title='bbox 668 1716 856 1789; x_wconf 87' lang='lat' dir='ltr'><strong>methodna‚</strong></span> <span class='ocrx_word' id='word_1_73' title='bbox 876 1718 911 1779; x_wconf 91' lang='lat' dir='ltr'><strong>in</strong></span> <span class='ocrx_word' id='word_1_74' title='bbox 927 1719 1123 1803; x_wconf 91' lang='lat' dir='ltr'><strong>inquirenda</strong></span> <span class='ocrx_word' id='word_1_75' title='bbox 1139 1722 1365 1805; x_wconf 88' lang='lat' dir='ltr'><strong>praecellionia</strong></span> 
     </span>
     <span class='ocr_line' id='line_1_14' title="bbox 88 1810 1366 1910; baseline 0.009 -29"><span class='ocrx_word' id='word_1_76' title='bbox 88 1823 374 1906; x_wconf 83' lang='lat' dir='ltr'><strong>aequinoctiorum</strong></span> <span class='ocrx_word' id='word_1_77' title='bbox 389 1828 573 1910; x_wconf 87' lang='lat' dir='ltr'><strong>quantitate</strong></span> <span class='ocrx_word' id='word_1_78' title='bbox 588 1810 754 1896; x_wconf 78' lang='lat' dir='ltr'><strong>adhibila,</strong></span> <span class='ocrx_word' id='word_1_79' title='bbox 776 1822 884 1885; x_wconf 87' lang='lat' dir='ltr'><strong>donec</strong></span> <span class='ocrx_word' id='word_1_80' title='bbox 899 1822 949 1885; x_wconf 86' lang='lat' dir='ltr'><strong>cl.</strong></span> <span class='ocrx_word' id='word_1_81' title='bbox 970 1825 1211 1890; x_wconf 87' lang='lat' dir='ltr'><strong>EVLEIlVS</strong></span> <span class='ocrx_word' id='word_1_82' title='bbox 1233 1830 1366 1892; x_wconf 83' lang='lat' dir='ltr'><strong>ornatis·</strong></span> 
     </span>
     <span class='ocr_line' id='line_1_15' title="bbox 90 1925 1365 2015; baseline 0.009 -29"><span class='ocrx_word' id='word_1_83' title='bbox 90 1925 202 1989; x_wconf 85' lang='lat' dir='ltr'><strong>limam</strong></span> <span class='ocrx_word' id='word_1_84' title='bbox 218 1925 307 1988; x_wconf 86' lang='lat' dir='ltr'><strong>lnam</strong></span> <span class='ocrx_word' id='word_1_85' title='bbox 328 1928 504 1993; x_wconf 87' lang='lat' dir='ltr'><strong>tradidillet</strong></span> <span class='ocrx_word' id='word_1_86' title='bbox 518 1929 736 2010; x_wconf 74' lang='lat' dir='ltr'><strong>theoriam,*)</strong></span> <span class='ocrx_word' id='word_1_87' title='bbox 758 1942 790 1992; x_wconf 90' lang='lat' dir='ltr'><strong>et</strong></span> <span class='ocrx_word' id='word_1_88' title='bbox 804 1930 931 2015; x_wconf 89' lang='lat' dir='ltr'><strong>primua</strong></span> <span class='ocrx_word' id='word_1_89' title='bbox 947 1929 1152 2013; x_wconf 87' lang='lat' dir='ltr'><strong>planetarum</strong></span> <span class='ocrx_word' id='word_1_90' title='bbox 1166 1933 1311 1996; x_wconf 73' lang='lat' dir='ltr'><strong>actiones</strong></span> <span class='ocrx_word' id='word_1_91' title='bbox 1329 1936 1365 1998; x_wconf 89' lang='lat' dir='ltr'><strong>in</strong></span> 
     </span>
     <span class='ocr_line' id='line_1_16' title="bbox 88 2032 455 2116; baseline 0.008 -23"><span class='ocrx_word' id='word_1_92' title='bbox 88 2050 285 2116; x_wconf 88' lang='lat' dir='ltr'><strong>computum</strong></span> <span class='ocrx_word' id='word_1_93' title='bbox 306 2032 455 2096; x_wconf 85' lang='lat' dir='ltr'><strong>vocallet.</strong></span> 
     </span>
    </p>

    <p class='ocr_par' dir='ltr' id='par_1_6' title="bbox 87 2135 1368 3690">
     <span class='ocr_line' id='line_1_17' title="bbox 170 2135 1365 2223; baseline 0.008 -25"><span class='ocrx_word' id='word_1_94' title='bbox 170 2137 445 2223; x_wconf 70' lang='lat' dir='ltr'><strong>Quotiescunque</strong></span> <span class='ocrx_word' id='word_1_95' title='bbox 460 2137 527 2201; x_wconf 91' lang='lat' dir='ltr'><strong>duo</strong></span> <span class='ocrx_word' id='word_1_96' title='bbox 544 2157 680 2223; x_wconf 90' lang='lat' dir='ltr'><strong>corpora</strong></span> <span class='ocrx_word' id='word_1_97' title='bbox 696 2135 844 2201; x_wconf 84' lang='lat' dir='ltr'><strong>coelestia</strong></span> <span class='ocrx_word' id='word_1_98' title='bbox 859 2140 943 2199; x_wconf 91' lang='lat' dir='ltr'><strong>circa</strong></span> <span class='ocrx_word' id='word_1_99' title='bbox 959 2136 1048 2201; x_wconf 90' lang='lat' dir='ltr'><strong>idem</strong></span> <span class='ocrx_word' id='word_1_100' title='bbox 1064 2153 1216 2203; x_wconf 83' lang='lat' dir='ltr'><strong>centrum</strong></span> <span class='ocrx_word' id='word_1_101' title='bbox 1234 2157 1365 2219; x_wconf 75' lang='lat' dir='ltr'><strong>motus,</strong></span> 
     </span>
     <span class='ocr_line' id='line_1_18' title="bbox 89 2240 1367 2326; baseline 0.003 -22"><span class='ocrx_word' id='word_1_102' title='bbox 89 2245 171 2304; x_wconf 89' lang='lat' dir='ltr'><strong>etin</strong></span> <span class='ocrx_word' id='word_1_103' title='bbox 190 2241 326 2304; x_wconf 89' lang='lat' dir='ltr'><strong>eandem</strong></span> <span class='ocrx_word' id='word_1_104' title='bbox 347 2241 564 2304; x_wconf 85' lang='lat' dir='ltr'><strong>revolvuntur</strong></span> <span class='ocrx_word' id='word_1_105' title='bbox 587 2243 828 2312; x_wconf 86' lang='lat' dir='ltr'><strong>directionem,</strong></span> <span class='ocrx_word' id='word_1_106' title='bbox 862 2240 916 2303; x_wconf 89' lang='lat' dir='ltr'><strong>led</strong></span> <span class='ocrx_word' id='word_1_107' title='bbox 938 2244 973 2303; x_wconf 92' lang='lat' dir='ltr'><strong>in</strong></span> <span class='ocrx_word' id='word_1_108' title='bbox 997 2243 1103 2326; x_wconf 85' lang='lat' dir='ltr'><strong>plania</strong></span> <span class='ocrx_word' id='word_1_109' title='bbox 1126 2245 1279 2312; x_wconf 83' lang='lat' dir='ltr'><strong>diverliar</strong></span> <span class='ocrx_word' id='word_1_110' title='bbox 1312 2249 1367 2314; x_wconf 79' lang='lat' dir='ltr'><strong>da·</strong></span> 
     </span>
     <span class='ocr_line' id='line_1_19' title="bbox 87 2345 1367 2430; baseline 0.009 -22"><span class='ocrx_word' id='word_1_111' title='bbox 87 2345 305 2409; x_wconf 84' lang='lat' dir='ltr'><strong>monstratum</strong></span> <span class='ocrx_word' id='word_1_112' title='bbox 322 2346 365 2409; x_wconf 86' lang='lat' dir='ltr'><strong>eii</strong></span> <span class='ocrx_word' id='word_1_113' title='bbox 379 2348 415 2407; x_wconf 88' lang='lat' dir='ltr'><strong>in</strong></span> <span class='ocrx_word' id='word_1_114' title='bbox 429 2347 558 2430; x_wconf 82' lang='lat' dir='ltr'><strong>phylica</strong></span> <span class='ocrx_word' id='word_1_115' title='bbox 575 2346 719 2418; x_wconf 87' lang='lat' dir='ltr'><strong>coelesli,</strong></span> <span class='ocrx_word' id='word_1_116' title='bbox 741 2345 866 2430; x_wconf 85' lang='lat' dir='ltr'>semper</span> <span class='ocrx_word' id='word_1_117' title='bbox 877 2349 997 2409; x_wconf 89' lang='lat' dir='ltr'><strong>horum</strong></span> <span class='ocrx_word' id='word_1_118' title='bbox 1013 2350 1158 2411; x_wconf 76' lang='lat' dir='ltr'><strong>actiones</strong></span> <span class='ocrx_word' id='word_1_119' title='bbox 1172 2366 1304 2418; x_wconf 79' lang='lat' dir='ltr'><strong>mutuae</strong></span> <span class='ocrx_word' id='word_1_120' title='bbox 1318 2359 1367 2418; x_wconf 81' lang='lat' dir='ltr'><strong>vi·</strong></span> 
     </span>
     <span class='ocr_line' id='line_1_20' title="bbox 89 2451 1366 2542; baseline -0.004 -26"><span class='ocrx_word' id='word_1_121' title='bbox 89 2451 192 2516; x_wconf 87' lang='lat' dir='ltr'><strong>ciliim</strong></span> <span class='ocrx_word' id='word_1_122' title='bbox 208 2451 390 2537; x_wconf 89' lang='lat' dir='ltr'><strong>producere</strong></span> <span class='ocrx_word' id='word_1_123' title='bbox 409 2465 521 2513; x_wconf 84' lang='lat' dir='ltr'><strong>motus</strong></span> <span class='ocrx_word' id='word_1_124' title='bbox 546 2451 747 2538; x_wconf 77' lang='lat' dir='ltr'><strong>retrogradus</strong></span> <span class='ocrx_word' id='word_1_125' title='bbox 770 2454 805 2514; x_wconf 90' lang='lat' dir='ltr'><strong>in</strong></span> <span class='ocrx_word' id='word_1_126' title='bbox 830 2466 969 2536; x_wconf 90' lang='lat' dir='ltr'><strong>utraque</strong></span> <span class='ocrx_word' id='word_1_127' title='bbox 995 2454 1098 2515; x_wconf 90' lang='lat' dir='ltr'><strong>orbita</strong></span> <span class='ocrx_word' id='word_1_128' title='bbox 1114 2461 1276 2542; x_wconf 88' lang='lat' dir='ltr'><strong>perpetim</strong></span> <span class='ocrx_word' id='word_1_129' title='bbox 1294 2482 1366 2526; x_wconf 90' lang='lat' dir='ltr'><strong>mu.</strong></span> 
     </span>
     <span class='ocr_line' id='line_1_21' title="bbox 87 2555 1366 2643; baseline 0.006 -22"><span class='ocrx_word' id='word_1_130' title='bbox 87 2575 163 2622; x_wconf 88' lang='lat' dir='ltr'><strong>tata.</strong></span> <span class='ocrx_word' id='word_1_131' title='bbox 204 2558 252 2621; x_wconf 81' lang='lat' dir='ltr'><strong>Ad</strong></span> <span class='ocrx_word' id='word_1_132' title='bbox 272 2555 498 2643; x_wconf 80' lang='lat' dir='ltr'><strong>exprimendae</strong></span> <span class='ocrx_word' id='word_1_133' title='bbox 514 2558 634 2620; x_wconf 91' lang='lat' dir='ltr'><strong>horum</strong></span> <span class='ocrx_word' id='word_1_134' title='bbox 648 2572 803 2620; x_wconf 88' lang='lat' dir='ltr'><strong>motuum</strong></span> <span class='ocrx_word' id='word_1_135' title='bbox 820 2556 1089 2642; x_wconf 76' lang='lat' dir='ltr'><strong>inaequalitates,</strong></span> <span class='ocrx_word' id='word_1_136' title='bbox 1113 2574 1211 2625; x_wconf 86' lang='lat' dir='ltr'><strong>uteaa</strong></span> <span class='ocrx_word' id='word_1_137' title='bbox 1235 2563 1366 2630; x_wconf 68' lang='lat' dir='ltr'><strong>facilius</strong></span> 
     </span>
     <span class='ocr_line' id='line_1_22' title="bbox 88 2661 1367 2748; baseline 0.005 -20"><span class='ocrx_word' id='word_1_138' title='bbox 88 2668 199 2728; x_wconf 89' lang='lat' dir='ltr'><strong>animo</strong></span> <span class='ocrx_word' id='word_1_139' title='bbox 223 2663 524 2748; x_wconf 84' lang='lat' dir='ltr'><strong>consequerentur,</strong></span> <span class='ocrx_word' id='word_1_140' title='bbox 560 2675 593 2723; x_wconf 86' lang='lat' dir='ltr'><strong>et</strong></span> <span class='ocrx_word' id='word_1_141' title='bbox 616 2661 657 2723; x_wconf 91' lang='lat' dir='ltr'><strong>ad</strong></span> <span class='ocrx_word' id='word_1_142' title='bbox 679 2663 916 2747; x_wconf 83' lang='lat' dir='ltr'><strong>expeditiorem</strong></span> <span class='ocrx_word' id='word_1_143' title='bbox 946 2661 1063 2725; x_wconf 92' lang='lat' dir='ltr'><strong>calculi</strong></span> <span class='ocrx_word' id='word_1_144' title='bbox 1092 2668 1367 2734; x_wconf 87' lang='lat' dir='ltr'><strong>commoditatem</strong></span> 
     </span>
     <span class='ocr_line' id='line_1_23' title="bbox 88 2764 1367 2853; baseline 0.002 -21"><span class='ocrx_word' id='word_1_145' title='bbox 88 2770 257 2833; x_wconf 77' lang='lat' dir='ltr'><strong>finxerunt</strong></span> <span class='ocrx_word' id='word_1_146' title='bbox 273 2769 466 2841; x_wconf 82' lang='lat' dir='ltr'><strong>astronomi,</strong></span> <span class='ocrx_word' id='word_1_147' title='bbox 487 2766 633 2853; x_wconf 86' lang='lat' dir='ltr'><strong>planetae</strong></span> <span class='ocrx_word' id='word_1_148' title='bbox 657 2764 781 2851; x_wconf 87' lang='lat' dir='ltr'><strong>lemper</strong></span> <span class='ocrx_word' id='word_1_149' title='bbox 801 2771 835 2830; x_wconf 92' lang='lat' dir='ltr'><strong>irr</strong></span> <span class='ocrx_word' id='word_1_150' title='bbox 851 2767 968 2831; x_wconf 89' lang='lat' dir='ltr'><strong>eodem</strong></span> <span class='ocrx_word' id='word_1_151' title='bbox 983 2769 1101 2852; x_wconf 81' lang='lat' dir='ltr'><strong>plano,</strong></span> <span class='ocrx_word' id='word_1_152' title='bbox 1121 2768 1176 2833; x_wconf 85' lang='lat' dir='ltr'><strong>seu</strong></span> <span class='ocrx_word' id='word_1_153' title='bbox 1198 2772 1235 2834; x_wconf 88' lang='lat' dir='ltr'><strong>in</strong></span> <span class='ocrx_word' id='word_1_154' title='bbox 1251 2773 1367 2837; x_wconf 86' lang='lat' dir='ltr'><strong>eadem</strong></span> 
     </span>
     <span class='ocr_line' id='line_1_24' title="bbox 87 2866 1367 2961; baseline 0.001 -23"><span class='ocrx_word' id='word_1_155' title='bbox 87 2878 216 2938; x_wconf 89' lang='lat' dir='ltr'><strong>moveri</strong></span> <span class='ocrx_word' id='word_1_156' title='bbox 229 2877 352 2946; x_wconf 88' lang='lat' dir='ltr'><strong>orbita,</strong></span> <span class='ocrx_word' id='word_1_157' title='bbox 372 2876 459 2937; x_wconf 89' lang='lat' dir='ltr'><strong>hanc</strong></span> <span class='ocrx_word' id='word_1_158' title='bbox 473 2891 550 2935; x_wconf 86' lang='lat' dir='ltr'><strong>vero</strong></span> <span class='ocrx_word' id='word_1_159' title='bbox 570 2871 731 2934; x_wconf 91' lang='lat' dir='ltr'><strong>continuo</strong></span> <span class='ocrx_word' id='word_1_160' title='bbox 747 2872 944 2959; x_wconf 85' lang='lat' dir='ltr'><strong>pofitinne&#39;m</strong></span> <span class='ocrx_word' id='word_1_161' title='bbox 962 2871 1051 2935; x_wconf 85' lang='lat' dir='ltr'><strong>luam</strong></span> <span class='ocrx_word' id='word_1_162' title='bbox 1064 2888 1259 2961; x_wconf 82' lang='lat' dir='ltr'><strong>permutare.</strong></span> <span class='ocrx_word' id='word_1_163' title='bbox 1288 2866 1367 2940; x_wconf 85' lang='lat' dir='ltr'><strong>Pro·</strong></span> 
     </span>
     <span class='ocr_line' id='line_1_25' title="bbox 88 2977 1367 3066; baseline -0.002 -19"><span class='ocrx_word' id='word_1_164' title='bbox 88 2985 195 3052; x_wconf 75' lang='lat' dir='ltr'><strong>fecto,</strong></span> <span class='ocrx_word' id='word_1_165' title='bbox 216 2979 348 3064; x_wconf 88' lang='lat' dir='ltr'><strong>poliunt</strong></span> <span class='ocrx_word' id='word_1_166' title='bbox 366 2999 482 3042; x_wconf 83' lang='lat' dir='ltr'><strong>omnea</strong></span> <span class='ocrx_word' id='word_1_167' title='bbox 495 2978 700 3062; x_wconf 89' lang='lat' dir='ltr'><strong>planetarum</strong></span> <span class='ocrx_word' id='word_1_168' title='bbox 715 2991 826 3038; x_wconf 84' lang='lat' dir='ltr'><strong>motus</strong></span> <span class='ocrx_word' id='word_1_169' title='bbox 842 2990 928 3039; x_wconf 87' lang='lat' dir='ltr'><strong>extra</strong></span> <span class='ocrx_word' id='word_1_170' title='bbox 943 2977 1067 3038; x_wconf 87' lang='lat' dir='ltr'><strong>orbitae</strong></span> <span class='ocrx_word' id='word_1_171' title='bbox 1091 2980 1277 3062; x_wconf 85' lang='lat' dir='ltr'><strong>primitivae</strong></span> <span class='ocrx_word' id='word_1_172' title='bbox 1300 2983 1367 3066; x_wconf 87' lang='lat' dir='ltr'><strong>pla·</strong></span> 
     </span>
     <span class='ocr_line' id='line_1_26' title="bbox 87 3082 1367 3166; baseline 0 -14"><span class='ocrx_word' id='word_1_173' title='bbox 87 3109 172 3152; x_wconf 88' lang='lat' dir='ltr'><strong>num</strong></span> <span class='ocrx_word' id='word_1_174' title='bbox 196 3084 328 3166; x_wconf 87' lang='lat' dir='ltr'><strong>ellingi,</strong></span> <span class='ocrx_word' id='word_1_175' title='bbox 356 3084 531 3146; x_wconf 89' lang='lat' dir='ltr'><strong>tribuendo</strong></span> <span class='ocrx_word' id='word_1_176' title='bbox 547 3083 628 3144; x_wconf 90' lang='lat' dir='ltr'><strong>huic</strong></span> <span class='ocrx_word' id='word_1_177' title='bbox 650 3082 810 3143; x_wconf 89' lang='lat' dir='ltr'><strong>nimirum</strong></span> <span class='ocrx_word' id='word_1_178' title='bbox 827 3082 1046 3144; x_wconf 85' lang='lat' dir='ltr'><strong>mutationem</strong></span> <span class='ocrx_word' id='word_1_179' title='bbox 1062 3082 1305 3159; x_wconf 88' lang='lat' dir='ltr'><strong>inclinationia,</strong></span> <span class='ocrx_word' id='word_1_180' title='bbox 1332 3101 1367 3151; x_wconf 85' lang='lat' dir='ltr'><strong>et</strong></span> 
     </span>
     <span class='ocr_line' id='line_1_27' title="bbox 87 3183 1368 3273; baseline -0.002 -17"><span class='ocrx_word' id='word_1_181' title='bbox 87 3193 255 3256; x_wconf 89' lang='lat' dir='ltr'><strong>nodorum</strong></span> <span class='ocrx_word' id='word_1_182' title='bbox 270 3203 403 3251; x_wconf 89' lang='lat' dir='ltr'><strong>motum</strong></span> <span class='ocrx_word' id='word_1_183' title='bbox 417 3187 539 3259; x_wconf 79' lang='lat' dir='ltr'><strong>talem,</strong></span> <span class='ocrx_word' id='word_1_184' title='bbox 559 3189 651 3248; x_wconf 90' lang='lat' dir='ltr'><strong>utin</strong></span> <span class='ocrx_word' id='word_1_185' title='bbox 677 3183 776 3248; x_wconf 83' lang='lat' dir='ltr'><strong>aicito</strong></span> <span class='ocrx_word' id='word_1_186' title='bbox 794 3186 860 3247; x_wconf 91' lang='lat' dir='ltr'><strong>hoc</strong></span> <span class='ocrx_word' id='word_1_187' title='bbox 883 3185 982 3269; x_wconf 87' lang='lat' dir='ltr'><strong>plano</strong></span> <span class='ocrx_word' id='word_1_188' title='bbox 1003 3204 1119 3248; x_wconf 89' lang='lat' dir='ltr'><strong>omnca</strong></span> <span class='ocrx_word' id='word_1_189' title='bbox 1144 3206 1368 3273; x_wconf 78' lang='lat' dir='ltr'><strong>exaequentur</strong></span> 
     </span>
     <span class='ocr_line' id='line_1_28' title="bbox 88 3287 1368 3377; baseline -0.002 -15"><span class='ocrx_word' id='word_1_190' title='bbox 88 3303 209 3363; x_wconf 90' lang='lat' dir='ltr'><strong>horum</strong></span> <span class='ocrx_word' id='word_1_191' title='bbox 231 3308 388 3357; x_wconf 91' lang='lat' dir='ltr'><strong>motuum</strong></span> <span class='ocrx_word' id='word_1_192' title='bbox 417 3291 675 3377; x_wconf 79' lang='lat' dir='ltr'><strong>inaequalitates.</strong></span> <span class='ocrx_word' id='word_1_193' title='bbox 744 3287 893 3351; x_wconf 86' lang='lat' dir='ltr'><strong>Oilendit</strong></span> <span class='ocrx_word' id='word_1_194' title='bbox 912 3291 1024 3375; x_wconf 90' lang='lat' dir='ltr'><strong>itaque</strong></span> <span class='ocrx_word' id='word_1_195' title='bbox 1047 3290 1097 3352; x_wconf 84' lang='lat' dir='ltr'><strong>cl.</strong></span> <span class='ocrx_word' id='word_1_196' title='bbox 1126 3292 1342 3360; x_wconf 84' lang='lat' dir='ltr'><em>EVLERV</em></span> <span class='ocrx_word' id='word_1_197' title='bbox 1342 3299 1368 3361; x_wconf 86' lang='grc'><em>8</em></span> 
     </span>
     <span class='ocr_line' id='line_1_29' title="bbox 88 3393 1365 3478; baseline -0.001 -13"><span class='ocrx_word' id='word_1_198' title='bbox 88 3403 266 3469; x_wconf 88' lang='lat' dir='ltr'><strong>inlaudata</strong></span> <span class='ocrx_word' id='word_1_199' title='bbox 283 3399 503 3463; x_wconf 86' lang='lat' dir='ltr'><strong>dillertatione</strong></span> <span class='ocrx_word' id='word_1_200' title='bbox 521 3395 596 3466; x_wconf 82' lang='lat' dir='ltr'><strong>stra,</strong></span> <span class='ocrx_word' id='word_1_201' title='bbox 617 3394 822 3478; x_wconf 87' lang='lat' dir='ltr'><strong>planetamm</strong></span> <span class='ocrx_word' id='word_1_202' title='bbox 839 3393 945 3455; x_wconf 87' lang='lat' dir='ltr'><strong>nodoa</strong></span> <span class='ocrx_word' id='word_1_203' title='bbox 967 3395 1170 3476; x_wconf 74' lang='lat' dir='ltr'><strong>retrogrado·</strong></span> <span class='ocrx_word' id='word_1_204' title='bbox 1193 3400 1365 3464; x_wconf 87' lang='lat' dir='ltr'><strong>neceilario</strong></span> 
     </span>
     <span class='ocr_line' id='line_1_30' title="bbox 90 3497 1366 3594; baseline 0 -23"><span class='ocrx_word' id='word_1_205' title='bbox 90 3514 234 3594; x_wconf 82' lang='lat' dir='ltr'><strong>ingerere</strong></span> <span class='ocrx_word' id='word_1_206' title='bbox 241 3509 441 3567; x_wconf 83' lang='lat' dir='ltr'><strong>mutationea</strong></span> <span class='ocrx_word' id='word_1_207' title='bbox 457 3505 493 3566; x_wconf 90' lang='lat' dir='ltr'><strong>in</strong></span> <span class='ocrx_word' id='word_1_208' title='bbox 511 3501 690 3562; x_wconf 88' lang='lat' dir='ltr'><strong>orbitarum</strong></span> <span class='ocrx_word' id='word_1_209' title='bbox 708 3497 997 3573; x_wconf 75' lang='lat' dir='ltr'><strong>inclinationibus,</strong></span> <span class='ocrx_word' id='word_1_210' title='bbox 1012 3513 1045 3563; x_wconf 86' lang='lat' dir='ltr'><strong>et</strong></span> <span class='ocrx_word' id='word_1_211' title='bbox 1058 3503 1139 3564; x_wconf 90' lang='lat' dir='ltr'><strong>hinc</strong></span> <span class='ocrx_word' id='word_1_212' title='bbox 1153 3506 1251 3566; x_wconf 85' lang='lat' dir='ltr'><strong>etiam</strong></span> <span class='ocrx_word' id='word_1_213' title='bbox 1266 3510 1366 3571; x_wconf 81' lang='lat' dir='ltr'><strong>varia·</strong></span> 
     </span>
     <span class='ocr_line' id='line_1_31' title="bbox 89 3603 891 3690; baseline -0.011 -14"><span class='ocrx_word' id='word_1_214' title='bbox 89 3618 197 3676; x_wconf 73' lang='lat' dir='ltr'><strong>tiones</strong></span> <span class='ocrx_word' id='word_1_215' title='bbox 219 3614 253 3673; x_wconf 92' lang='lat' dir='ltr'><strong>in</strong></span> <span class='ocrx_word' id='word_1_216' title='bbox 269 3609 407 3671; x_wconf 76' lang='lat' dir='ltr'><strong>siderum</strong></span> <span class='ocrx_word' id='word_1_217' title='bbox 423 3605 636 3690; x_wconf 87' lang='lat' dir='ltr'><strong>longitudine</strong></span> <span class='ocrx_word' id='word_1_218' title='bbox 654 3618 687 3666; x_wconf 90' lang='lat' dir='ltr'><strong>et</strong></span> <span class='ocrx_word' id='word_1_219' title='bbox 707 3603 891 3681; x_wconf 86' lang='lat' dir='ltr'><strong>latitudine.</strong></span> 
     </span>
    </p>

    <p class='ocr_par' dir='ltr' id='par_1_7' title="bbox 88 3708 1368 4411">
     <span class='ocr_line' id='line_1_32' title="bbox 164 3708 1366 3793; baseline -0.001 -13"><span class='ocrx_word' id='word_1_220' title='bbox 164 3720 218 3780; x_wconf 76' lang='lat' dir='ltr'><strong>Sit</strong></span> <span class='ocrx_word' id='word_1_221' title='bbox 235 3714 414 3778; x_wconf 82' lang='lat' dir='ltr'><strong>lecrrurlum</strong></span> <span class='ocrx_word' id='word_1_222' title='bbox 432 3712 507 3774; x_wconf 90' lang='lat' dir='ltr'><strong>clar.</strong></span> <span class='ocrx_word' id='word_1_223' title='bbox 524 3713 614 3772; x_wconf 91' lang='lat' dir='ltr'><strong>hunc</strong></span> <span class='ocrx_word' id='word_1_224' title='bbox 630 3722 798 3772; x_wconf 86' lang='lat' dir='ltr'><strong>auctorem</strong></span> <span class='ocrx_word' id='word_1_225' title='bbox 821 3708 854 3778; x_wconf 70' lang='grc' dir='ltr'>Ω</span> <span class='ocrx_word' id='word_1_226' title='bbox 878 3709 1054 3793; x_wconf 81' lang='lat' dir='ltr'><strong>longitudo</strong></span> <span class='ocrx_word' id='word_1_227' title='bbox 1073 3713 1155 3774; x_wconf 89' lang='lat' dir='ltr'><strong>nodi</strong></span> <span class='ocrx_word' id='word_1_228' title='bbox 1172 3712 1366 3779; x_wconf 81' lang='lat' dir='ltr'><strong>descenden-</strong></span> 
     </span>
     <span class='ocr_line' id='line_1_33' title="bbox 89 3813 1365 3903; baseline -0.001 -16"><span class='ocrx_word' id='word_1_229' title='bbox 89 3828 132 3887; x_wconf 91' lang='lat' dir='ltr'><strong>tia</strong></span> <span class='ocrx_word' id='word_1_230' title='bbox 148 3824 270 3885; x_wconf 86' lang='lat' dir='ltr'><strong>orbitae</strong></span> <span class='ocrx_word' id='word_1_231' title='bbox 284 3819 458 3903; x_wconf 81' lang='lat' dir='ltr'><strong>planetaria</strong></span> <span class='ocrx_word' id='word_1_232' title='bbox 473 3819 509 3877; x_wconf 94' lang='lat' dir='ltr'><strong>in</strong></span> <span class='ocrx_word' id='word_1_233' title='bbox 524 3816 692 3902; x_wconf 87' lang='lat' dir='ltr'><strong>ecliptica,</strong></span> <span class='ocrx_word' id='word_1_234' title='bbox 715 3832 797 3899; x_wconf 89' lang='lat' dir='ltr'><strong>quae</strong></span> <span class='ocrx_word' id='word_1_235' title='bbox 812 3816 867 3875; x_wconf 90' lang='lat' dir='ltr'><strong>hic</strong></span> <span class='ocrx_word' id='word_1_236' title='bbox 882 3813 1000 3877; x_wconf 82' lang='lat' dir='ltr'><strong>ilabilia</strong></span> <span class='ocrx_word' id='word_1_237' title='bbox 1024 3830 1057 3879; x_wconf 93' lang='lat' dir='ltr'><strong>et</strong></span> <span class='ocrx_word' id='word_1_238' title='bbox 1076 3839 1271 3901; x_wconf 81' lang='lat' dir='ltr'><strong>permanens</strong></span> <span class='ocrx_word' id='word_1_239' title='bbox 1288 3823 1365 3886; x_wconf 73' lang='lat' dir='ltr'><strong>allu-</strong></span> 
     </span>
     <span class='ocr_line' id='line_1_34' title="bbox 89 3918 1366 4011; baseline -0.002 -22"><span class='ocrx_word' id='word_1_240' title='bbox 89 3930 210 4001; x_wconf 88' lang='lat' dir='ltr'><strong>mitur;</strong></span> <span class='ocrx_word' id='word_1_241' title='bbox 239 3923 414 4009; x_wconf 82' lang='lat' dir='ltr'><strong>longitudo</strong></span> <span class='ocrx_word' id='word_1_242' title='bbox 435 3923 516 3984; x_wconf 88' lang='lat' dir='ltr'><strong>haec</strong></span> <span class='ocrx_word' id='word_1_243' title='bbox 535 3936 651 4007; x_wconf 80' lang='lat' dir='ltr'><strong>aequat</strong></span> <span class='ocrx_word' id='word_1_244' title='bbox 667 3918 914 4002; x_wconf 81' lang='lat' dir='ltr'><strong>longitudinem</strong></span> <span class='ocrx_word' id='word_1_245' title='bbox 938 3923 1020 3983; x_wconf 89' lang='lat' dir='ltr'><strong>nodi</strong></span> <span class='ocrx_word' id='word_1_246' title='bbox 1041 3921 1245 3988; x_wconf 82' lang='lat' dir='ltr'><strong>ascendentia</strong></span> <span class='ocrx_word' id='word_1_247' title='bbox 1268 3929 1366 4011; x_wconf 89' lang='lat' dir='ltr'><strong>eclip-</strong></span> 
     </span>
     <span class='ocr_line' id='line_1_35' title="bbox 90 4025 1367 4116; baseline -0.004 -22"><span class='ocrx_word' id='word_1_248' title='bbox 90 4036 175 4094; x_wconf 89' lang='lat' dir='ltr'><strong>ticae</strong></span> <span class='ocrx_word' id='word_1_249' title='bbox 188 4032 223 4093; x_wconf 90' lang='lat' dir='ltr'><strong>in</strong></span> <span class='ocrx_word' id='word_1_250' title='bbox 236 4030 383 4116; x_wconf 85' lang='lat' dir='ltr'><strong>planetae</strong></span> <span class='ocrx_word' id='word_1_251' title='bbox 405 4025 521 4088; x_wconf 86' lang='lat' dir='ltr'><strong>orbita.</strong></span> <span class='ocrx_word' id='word_1_252' title='bbox 559 4057 576 4086; x_wconf 74' lang='lat' dir='ltr'><strong>a</strong></span> <span class='ocrx_word' id='word_1_253' title='bbox 590 4041 631 4088; x_wconf 78' lang='lat' dir='ltr'><strong>z:</strong></span> <span class='ocrx_word' id='word_1_254' title='bbox 651 4025 862 4086; x_wconf 90' lang='lat' dir='ltr'><strong>inclinationi</strong></span> <span class='ocrx_word' id='word_1_255' title='bbox 876 4026 999 4088; x_wconf 83' lang='lat' dir='ltr'><strong>orbitae</strong></span> <span class='ocrx_word' id='word_1_256' title='bbox 1015 4029 1188 4111; x_wconf 86' lang='lat' dir='ltr'><strong>planetaria</strong></span> <span class='ocrx_word' id='word_1_257' title='bbox 1209 4033 1245 4091; x_wconf 92' lang='lat' dir='ltr'><strong>in</strong></span> <span class='ocrx_word' id='word_1_258' title='bbox 1269 4032 1367 4115; x_wconf 85' lang='lat' dir='ltr'><strong>eclip-</strong></span> 
     </span>
     <span class='ocr_line' id='line_1_36' title="bbox 92 4131 1368 4216; baseline -0.003 -15"><span class='ocrx_word' id='word_1_259' title='bbox 92 4141 204 4201; x_wconf 87' lang='lat' dir='ltr'><strong>ticam.</strong></span> <span class='ocrx_word' id='word_1_260' title='bbox 244 4162 309 4195; x_wconf 77' lang='grc' dir='ltr'><strong>ε..</strong></span> <span class='ocrx_word' id='word_1_261' title='bbox 268 4132 524 4202; x_wconf 68' lang='lat' dir='ltr'><strong>‘intervallo</strong></span> <span class='ocrx_word' id='word_1_262' title='bbox 553 4149 620 4215; x_wconf 92' lang='lat' dir='ltr'><strong>quo</strong></span> <span class='ocrx_word' id='word_1_263' title='bbox 643 4131 813 4212; x_wconf 90' lang='lat' dir='ltr'><strong>eclipticae</strong></span> <span class='ocrx_word' id='word_1_264' title='bbox 837 4131 918 4193; x_wconf 90' lang='lat' dir='ltr'><strong>nodi</strong></span> <span class='ocrx_word' id='word_1_265' title='bbox 943 4131 1034 4214; x_wconf 82' lang='lat' dir='ltr'><strong>supra</strong></span> <span class='ocrx_word' id='word_1_266' title='bbox 1057 4134 1194 4216; x_wconf 87' lang='lat' dir='ltr'><strong>planum</strong></span> <span class='ocrx_word' id='word_1_267' title='bbox 1218 4134 1368 4216; x_wconf 88' lang='lat' dir='ltr'><strong>planetae</strong></span> 
     </span>
     <span class='ocr_line' id='line_1_37' title="bbox 90 4233 1367 4321; baseline -0.003 -15"><span class='ocrx_word' id='word_1_268' title='bbox 90 4243 216 4306; x_wconf 88' lang='lat' dir='ltr'><strong>orbitae</strong></span> <span class='ocrx_word' id='word_1_269' title='bbox 232 4237 306 4297; x_wconf 78' lang='lat' dir='ltr'><strong>(lato</strong></span> <span class='ocrx_word' id='word_1_270' title='bbox 329 4251 476 4321; x_wconf 85' lang='lat' dir='ltr'><strong>tempore</strong></span> <span class='ocrx_word' id='word_1_271' title='bbox 497 4257 530 4298; x_wconf 87' lang='lat' dir='ltr'><strong>v.</strong></span> <span class='ocrx_word' id='word_1_272' title='bbox 549 4253 580 4318; x_wconf 80' lang='lat' dir='ltr'><strong>g.</strong></span> <span class='ocrx_word' id='word_1_273' title='bbox 596 4254 665 4296; x_wconf 92' lang='lat' dir='ltr'><strong>nno</strong></span> <span class='ocrx_word' id='word_1_274' title='bbox 685 4233 793 4298; x_wconf 88' lang='lat' dir='ltr'><strong>leculo</strong></span> <span class='ocrx_word' id='word_1_275' title='bbox 811 4237 1102 4321; x_wconf 83' lang='lat' dir='ltr'><strong>retrogradiuntur.</strong></span> <span class='ocrx_word' id='word_1_276' title='bbox 1145 4238 1220 4300; x_wconf 83' lang='lat' dir='ltr'><strong>lloc</strong></span> <span class='ocrx_word' id='word_1_277' title='bbox 1243 4252 1367 4321; x_wconf 86' lang='lat' dir='ltr'><strong>tempo·</strong></span> 
     </span>
     <span class='ocr_line' id='line_1_38' title="bbox 88 4339 851 4411; baseline -0.013 0"><span class='ocrx_word' id='word_1_278' title='bbox 88 4351 131 4411; x_wconf 87' lang='lat' dir='ltr'><strong>ria</strong></span> <span class='ocrx_word' id='word_1_279' title='bbox 149 4348 255 4408; x_wconf 77' lang='lat' dir='ltr'><strong>interr</strong></span> <span class='ocrx_word' id='word_1_280' title='bbox 248 4340 357 4403; x_wconf 87' lang='lat' dir='ltr'><strong>allum</strong></span> <span class='ocrx_word' id='word_1_281' title='bbox 373 4360 412 4401; x_wconf 90' lang='lat' dir='ltr'><strong>ex</strong></span> <span class='ocrx_word' id='word_1_282' title='bbox 430 4341 552 4403; x_wconf 88' lang='lat' dir='ltr'><strong>theoria</strong></span> <span class='ocrx_word' id='word_1_283' title='bbox 568 4339 776 4404; x_wconf 88' lang='lat' dir='ltr'><strong>statuendum</strong></span> <span class='ocrx_word' id='word_1_284' title='bbox 797 4340 851 4402; x_wconf 85' lang='lat' dir='ltr'><strong>eli.</strong></span> 
     </span>
    </p>
   </div>
   <div class='ocr_carea' id='block_1_6' title="bbox 123 4521 1266 4711">
    <p class='ocr_par' dir='ltr' id='par_1_8' title="bbox 123 4521 1266 4711">
     <span class='ocr_line' id='line_1_39' title="bbox 123 4521 1266 4602; baseline -0.004 -17"><span class='ocrx_word' id='word_1_285' title='bbox 123 4532 160 4601; x_wconf 74' lang='lat'><strong>⁹)</strong></span> <span class='ocrx_word' id='word_1_286' title='bbox 178 4528 268 4585; x_wconf 70' lang='lat' dir='ltr'><strong>Mem.</strong></span> <span class='ocrx_word' id='word_1_287' title='bbox 284 4525 320 4581; x_wconf 85' lang='lat' dir='ltr'><strong>de</strong></span> <span class='ocrx_word' id='word_1_288' title='bbox 333 4521 438 4584; x_wconf 78' lang='lat' dir='ltr'><strong>l&#39;Acad.</strong></span> <span class='ocrx_word' id='word_1_289' title='bbox 451 4523 559 4600; x_wconf 73' lang='lat' dir='ltr'><strong>lloyale</strong></span> <span class='ocrx_word' id='word_1_290' title='bbox 574 4523 609 4580; x_wconf 87' lang='lat' dir='ltr'><strong>de</strong></span> <span class='ocrx_word' id='word_1_291' title='bbox 621 4523 741 4591; x_wconf 86' lang='lat' dir='ltr'><strong>Berlin,</strong></span> <span class='ocrx_word' id='word_1_292' title='bbox 760 4525 899 4583; x_wconf 70' lang='lat' dir='ltr'><strong>Tormlx</strong></span> <span class='ocrx_word' id='word_1_293' title='bbox 914 4525 1012 4582; x_wconf 76' lang='lat' dir='ltr'><strong>Anne‘e</strong></span> <span class='ocrx_word' id='word_1_294' title='bbox 1029 4537 1111 4596; x_wconf 73' lang='lat'>1734,</span> <span class='ocrx_word' id='word_1_295' title='bbox 1128 4541 1192 4602; x_wconf 78' lang='lat' dir='ltr'><strong>pag.</strong></span> <span class='ocrx_word' id='word_1_296' title='bbox 1205 4526 1266 4593; x_wconf 81' lang='lat'><strong>296.</strong></span> 
     </span>
     <span class='ocr_line' id='line_1_40' title="bbox 796 4646 862 4711; baseline -0.015 0"><span class='ocrx_word' id='word_1_297' title='bbox 796 4646 824 4711; x_wconf 85' lang='lat' dir='ltr'>C</span> <span class='ocrx_word' id='word_1_298' title='bbox 847 4668 862 4710; x_wconf 86' lang='lat'><em>2</em></span> 
     </span>
    </p>
   </div>
   <div class='ocr_carea' id='block_1_7' title="bbox 0 0 1611 5168">
    <p class='ocr_par' dir='ltr' id='par_1_9' title="bbox 0 0 1611 5168">
     <span class='ocr_line' id='line_1_41' title="bbox 0 0 1611 5168; baseline 0 0"><span class='ocrx_word' id='word_1_299' title='bbox 0 0 1611 5168; x_wconf 95' lang='lat' dir='ltr'><strong> </strong></span> 
     </span>
    </p>
   </div>
  </div>
 </body>
</html>
