3202 5168
248 508 332 555 terra
346 510 363 552 a
375 489 455 550 iore
469 484 660 569 digreditur.
701 481 951 564 conjiciebatur
967 482 1055 556 inde,
1075 483 1184 546 lucem
1197 480 1395 544 diametrum
1407 482 1534 546 orbitae

250 595 403 660 terrestria
426 607 573 676 ternpore
597 588 647 655 16·
677 588 730 664 15'
754 608 956 672 percurrere,
973 590 1064 653 unde
1080 590 1309 674 colligebatur,
1331 587 1534 650 celeritatem

250 702 394 764 mediam
414 698 540 761 telluris
565 697 600 756 in
623 695 728 755 orbita
749 693 803 755 sua
827 695 867 756 ad
892 696 1028 758 luminis
1056 695 1253 757 celeritatem
1271 692 1332 755 elle
1352 696 1389 754 in
1404 696 1533 756 ratione

253 825 413 881 1:10313.
466 804 574 864 Tanta
598 797 736 860 veroesl
753 800 1014 873 haecceleritaa,
1047 814 1087 861 ut
1108 817 1125 874 g
1147 802 1357 861 minutorum
1383 813 1533 882 tempore

251 911 393 998 spatium
415 913 513 982 20613
543 904 857 968 semidiametromm
879 920 979 967 terrae
1008 903 1178 980 absolvat;
1214 904 1358 991 ideoque
1383 919 1533 990 tempore

165 1090 169 1099 ¹
251 1019 354 1082 uniut
369 1015 493 1077 minuti
509 1009 662 1081 secundi,
683 1030 721 1090 43
740 1010 994 1074 semidiametror
1013 1022 1113 1072 terrae
1132 1025 1309 1095 percurrat.

332 1122 422 1183 Hinc
436 1119 625 1196 objectum,
648 1117 740 1202 quod
761 1133 856 1181 antea
877 1114 1047 1178 occultum
1070 1128 1156 1186 erat,
1184 1131 1313 1197 nonen
1337 1131 1533 1191 momento,

253 1244 322 1312 qno
338 1225 448 1287 lucem
464 1223 614 1283 emittere
627 1223 765 1306 incipit,
788 1227 948 1318 cernitur,
968 1219 1024 1282 sed
1039 1220 1179 1291 tardiue,
1201 1234 1234 1282 et
1251 1202 1388 1306 quidem
1412 1242 1453 1285 eo
1475 1238 1535 1284 tar·

253 1333 347 1402 diue,
370 1346 437 1413 qno
458 1332 563 1406 major
581 1326 624 1390 est
647 1326 795 1390 distantia
819 1332 904 1389 inter
926 1329 1092 1406 objectum
1114 1340 1147 1387 et
1163 1325 1388 1409 spectatorem.
1431 1331 1467 1391 si
1481 1351 1535 1392 au·

253 1452 324 1500 tem
349 1437 518 1515 objectum
541 1433 594 1495 vel
615 1432 775 1517 spectator
800 1447 993 1505 moveatur,
1015 1431 1068 1493 vel
1096 1431 1301 1509 srobjectum
1323 1447 1356 1495 et
1374 1431 1535 1518 spectator

254 1541 350 1603 simul
361 1552 576 1610 moveantur,
606 1540 776 1618 objectum
791 1556 860 1599 non
879 1557 955 1599 vero
973 1541 1009 1597 in
1024 1536 1120 1608 loco,
1136 1535 1188 1598 sed
1202 1541 1371 1621 apparenti
1385 1539 1533 1602 observa·

253 1647 362 1719 bitur;
385 1646 599 1727 componitur
613 1662 732 1726 nempe
754 1657 866 1707 motue
886 1645 1007 1723 objecti
1026 1663 1065 1705 ex
1079 1657 1174 1705 motu
1197 1642 1254 1704 suo
1276 1658 1308 1706 et
1322 1659 1416 1707 motu
1433 1647 1532 1712 lucia.

253 1751 337 1815 inde
353 1756 417 1831 jam
434 1751 597 1812 autumari
610 1748 703 1820 licet,
726 1747 826 1810 slellaa
840 1762 972 1833 propter
989 1747 1193 1810 successivam
1208 1750 1293 1811 hanc
1308 1751 1440 1812 luminis
1456 1772 1534 1835 pro·

253 1858 463 1942 pagationem
480 1868 513 1916 et
529 1855 652 1916 telluris
668 1868 799 1914 motum
816 1874 963 1915 annuum
978 1855 1013 1914 in
1029 1855 1109 1916 locis
1128 1858 1377 1938 apparentibus,
1394 1856 1465 1918 non
1481 1878 1536 1920 ve·

253 1966 316 2034 rit,
340 1960 456 2021 debere
476 1959 648 2021 observari.
711 1959 879 2030 Mutatio,
908 1981 1007 2044 quarn
1029 1963 1221 2044 propagatio
1237 1963 1318 2023 haec
1332 1962 1416 2025 lucia
1434 1964 1532 2026 slella·

253 2088 329 2131 rum
346 2066 427 2127 loclt
447 2063 564 2137 insert,
595 2063 718 2124 dicitur
734 2062 909 2125 Aberratr‘o
930 2066 1079 2137 luminis,
1101 2065 1257 2151 illamque
1272 2086 1350 2128 cnm
1379 2071 1533 2134 BRAD-

254 2174 371 2241 LEJI
388 2168 670 2232 observationibus
696 2167 838 2254 perfecte
858 2168 1040 2253 conspirare
1061 2169 1366 2236 demonstrabinaua.
1419 2176 1471 2237 Ex
1492 2176 1534 2239 se·

258 2279 436 2366 quentibua
456 2276 548 2336 srmul
563 2273 720 2360 patescet,
742 2275 915 2359 parallaxin
934 2277 1020 2337 orbi·
1036 2279 1148 2360 magni
1169 2279 1229 2340 else
1242 2278 1389 2353 nnllam,
1409 2282 1465 2342 vel
1482 2282 1533 2344 ad·

254 2383 576 2464 modumexiguamt
599 2401 675 2442 narn
693 2383 818 2442 theoria
838 2382 1068 2447 Bnnuuatann
1087 2397 1152 2443 tam
1171 2399 1319 2446 accurate
1334 2404 1414 2447 cum
1430 2386 1533 2450 obser·

255 2488 447 2551 rationibus
472 2490 645 2569 congruit,
673 2501 712 2547 nt
731 2487 897 2570 parallaxis
920 2507 1029 2549 annua
1052 2489 1152 2549 uniua
1173 2489 1298 2552 minuti
1321 2487 1475 2565 secundi,
1511 2493 1533 2554 sr

253 2595 368 2656 locum
386 2591 562 2662 habuisset,
591 2590 729 2651 discerni
743 2591 906 2674 potuisset.
926 2639 927 2643 ,

337 2695 562 2778 Inpleritque
589 2695 800 2757 astronomiae
825 2698 995 2760 elementia
1022 2697 1146 2761 ollendi
1168 2697 1262 2770 solet,
1285 2714 1418 2762 motum
1434 2724 1533 2785 apprr-

256 2817 380 2871 rentem
395 2802 553 2872 lixarum,
574 2821 592 2860 a
609 2800 745 2861 lumini·
761 2806 995 2885 propagatione
1010 2803 1178 2867 successiva
1194 2820 1226 2866 et
1243 2821 1337 2868 motu
1356 2809 1482 2872 telluris
1498 2815 1533 2872 in

258 2914 363 2978 orbita
389 2907 442 2969 sua
471 2904 675 2977 oriundum,
698 2907 865 2969 consrllere
883 2911 918 2969 in
935 2929 997 2980 eo,
1026 2924 1065 2971 ut
1090 2910 1175 2971 stella
1196 2915 1329 2994 quaeris
1349 2917 1436 2977 intra
1455 2920 1532 2978 anni

258 3021 398 3106 spatium
420 3032 551 3097 parvam
571 3011 695 3094 ellipsrn
717 3015 752 3073 in
770 3015 862 3075 coelo
879 3014 1026 3075 videatur
1042 3014 1242 3086 describere,
1264 3022 1360 3096 cujus
1380 3024 1450 3083 axis
1468 3045 1533 3086 ma·

256 3134 324 3210 jor,
358 3124 393 3182 in
422 3117 550 3202 sphaera
576 3117 703 3179 coelesti
724 3139 834 3180 arcum
865 3119 1065 3182 constantem
1085 3141 1125 3198 40
1144 3124 1351 3186 minutorum
1376 3125 1533 3192 secundo·

255 3253 352 3303 mm,
372 3229 471 3313 plano
486 3223 651 3306 eclipticet
672 3222 796 3307 semper
808 3226 1017 3308 parallelum,
1032 3229 1205 3300 metiatur,
1233 3232 1345 3292 minor
1369 3254 1448 3295 vero
1473 3256 1531 3320 pro

255 3341 383 3404 ratione
401 3333 487 3393 sinus
502 3327 685 3391 latitudinis
700 3329 784 3392 lixae
798 3333 949 3394 varietur.
991 3333 1137 3419 Ideoque
1158 3336 1224 3396 axia
1250 3341 1355 3415 major
1374 3340 1476 3420 hujue
1490 3344 1532 3404 el·

256 3444 345 3528 lipsra
370 3458 428 3523 pro
451 3435 606 3497 omnibus
624 3434 720 3497 stellis
741 3452 858 3522 aequat
877 3439 1051 3500 maximam
1074 3440 1321 3504 aberrationem.
1384 3445 1533 3510 Versatur

257 3561 369 3612 autern
386 3540 470 3604 llella
490 3543 526 3602 iu
544 3560 601 3602 axe
614 3546 731 3621 majori
746 3557 894 3627 tempore
912 3546 1159 3624 conjunctionis
1174 3559 1207 3607 et
1221 3548 1439 3631 oppositionis
1455 3573 1533 3617 cum

259 3653 351 3724 sole3
385 3650 421 3708 in
436 3666 492 3706 axe
510 3648 650 3718 minori,
686 3662 833 3732 tempore
855 3651 1132 3733 quadraturarum.
1184 3651 1277 3713 Patet
1298 3654 1394 3727 inde,
1415 3659 1533 3741 pplum

259 3757 429 3839 eclipticae
453 3749 629 3812 describere
648 3752 825 3824 circulum,
842 3759 936 3831 cujus
952 3753 1108 3815 diameter
1124 3754 1245 3834 ell4o'.
1288 3755 1406 3823 Stellae
1422 3781 1533 3829 autem

259 3883 299 3927 eo
322 3859 530 3941 oblongiores
561 3855 738 3918 describere
765 3858 967 3918 videbuntur
990 3859 1137 3943 ellipses,
1176 3882 1242 3947 quo
1266 3868 1378 3927 minor
1398 3869 1444 3930 est
1467 3874 1534 3935 illa·

258 3987 332 4033 mm
353 3963 506 4024 latitudo.
548 3963 754 4024 Latitudines
783 3982 860 4024 vero
883 3962 1043 4026 stellarum
1077 3983 1188 4030 carent
1208 3970 1436 4047 aberratione,
1478 3977 1532 4041 sed

259 4071 417 4138 aberratio
440 4067 658 4149 longitudinis
678 4087 736 4152 pro
754 4067 817 4129 sole
838 4068 959 4151 semper
983 4070 1026 4131 est
1050 4073 1123 4148 ao“;
1159 4073 1302 4160 ideoque
1327 4077 1535 4164 longitudini

259 4180 334 4245 solit
352 4172 535 4236 observatae
558 4172 742 4236 constanter
761 4175 814 4234 20'
832 4172 908 4234 addi
923 4174 1068 4251 debent,
1098 4194 1138 4241 ut
1157 4182 1314 4246 habeatur
1338 4185 1435 4251 locun
1458 4190 1535 4254 solit

257 4301 365 4350 verus.

261 4429 265 4439 .
336 4386 424 4452 Hae,
444 4395 483 4443 ut
509 4380 612 4445 solent
631 4385 757 4455 vocari,
789 4384 1033 4449 aberrationnm
1053 4383 1198 4481 ellipses,
1233 4413 1349 4458 omnen
1370 4396 1537 4467 stellarum

256 4495 457 4559 mutationes
473 4502 679 4571 apparenter,
714 4511 770 4571 per
786 4491 921 4551 luminis
945 4495 1156 4558 aberrationia
1179 4497 1313 4562 effectur
1339 4505 1538 4585 productae,

257 4598 406 4682 respectu
417 4595 582 4681 eclipticet
599 4634 610 4664 .
630 4607 664 4657 et
686 4594 832 4680 respectu
853 4601 1055 4679 aequatorie,
1082 4604 1224 4684 perbelle
1243 4607 1427 4691 explicant,
1450 4629 1484 4680 et
1499 4617 1538 4678 il·
