3202 5168
691 299 745 404 ⁶9

155 481 214 545 ill.
233 480 299 544 Pro
314 478 536 544 declinatione
550 479 699 561 ejuadem
713 479 821 544 stellae
839 477 882 543 ad
899 496 1027 544 annum
1053 498 1131 563 a750
1144 481 1286 549 babetur

71 613 260 677 Declinatio
284 631 358 688 1802
378 632 418 674 ex
433 610 486 676 Cl.
501 613 809 679 MASKELI'NE
827 613 976 697 catalogo
1021 614 1074 676 ac·
1100 618 1151 691 ις’
1178 615 1268 695 14,'6
1289 614 1361 678 bor.

72 719 250 784 Praecelsro
270 721 306 781 in
330 740 364 797 52
387 720 484 782 annia
545 761 972 785 .........
1012 739 1055 786 4
1096 737 1135 798 14
1173 739 1225 802 49,
1246 741 1267 783 o

71 825 419 909 Motuapropriua-t·
440 823 630 909 1,'9308÷
653 848 688 906 5²
753 867 972 890 .....
1012 843 1055 890 4
1116 843 1132 886 1
1175 841 1268 900 40,4

73 931 449 1008 Declinatiobor.r750
488 974 500 994 .
540 975 552 996 .
699 976 709 995 .
751 975 762 996 .
803 973 815 994 .
854 920 866 996 ζ
910 975 920 995 .
961 973 971 994 .
1014 950 1052 993 ac
1094 948 1133 1013 ²9
1174 947 1267 1009 44.o

74 1034 483 1104 exoblcrvationlbuaCl.
502 1055 555 1100 ue
569 1052 620 1100 u
646 1034 1084 1139 cannen—39-
1096 1055 1133 1117 ²9
1177 1053 1265 1116 39,3

74 1166 268 1235 Differentia
309 1207 1153 1234 .................
1193 1185 1224 1246 4,
1246 1186 1265 1246 7

157 1316 370 1382 Differentiae
388 1320 450 1383 hae
471 1317 688 1402 perexiguae,
723 1314 764 1377 ad
779 1317 959 1393 minimum
975 1336 1077 1402 aequa
1091 1335 1131 1378 ex
1145 1330 1238 1400 parte
1252 1316 1288 1376 in
1304 1314 1362 1377 ob·

77 1423 301 1488 [creationum
325 1423 447 1485 vitium
467 1424 591 1508 abeque
611 1422 733 1501 injuria
755 1423 1002 1501 conjiciendae,
1038 1423 1112 1487 latia
1131 1421 1291 1508 superque
1306 1421 1361 1483 dc·

76 1531 275 1603 monstrant,
297 1530 496 1615 quantitates
510 1526 738 1612 praecelfionia
760 1542 966 1613 punctorum
991 1529 1303 1616 aequinoctialium,
1327 1538 1361 1588 et

77 1651 190 1700 motus
214 1637 340 1720 proprii
360 1633 519 1704 fixarum,
539 1645 640 1717 prout
656 1652 675 1695 a
691 1635 789 1699 nobie
812 1635 971 1701 definitae
984 1650 1018 1701 et
1031 1637 1198 1700 adhibitae
1214 1634 1295 1706 lint,
1317 1629 1360 1694 ad

76 1746 246 1806 veritatem
265 1743 525 1826 quamproxime
545 1736 709 1804 accedere.

156 1846 409 1911 Recentioribua
431 1848 659 1931 temporibua,
686 1849 880 1912 introducto
901 1866 992 1912 novo
1016 1851 1083 1912 hoc
1103 1862 1245 1931 organo,
1267 1840 1359 1929 quod

76 1954 217 2016 circulos
234 1964 415 2036 repetentes
436 1950 507 2030 (Cl.
525 1953 740 2020 BORDAE
760 1957 899 2018 nomine
912 1956 1107 2041 inlignitoa)
1127 1952 1268 2023 r'ocant,
1291 1947 1359 2010 ttel·

75 2061 127 2123 lae
157 2061 276 2145 polaria
296 2057 374 2121 uiua
396 2071 470 2120 tum
490 2060 579 2143 apud
602 2061 805 2126 allrouomoa
835 2049 1036 2146 magnopere
1054 2060 1248 2130 increbuit,
1283 2068 1358 2116 tum

77 2166 167 2250 apud
187 2165 391 2249 geographoa
405 2164 588 2247 plurimum
603 2165 843 2229 consuetudine
859 2167 1011 2229 invaluit.

158 2271 297 2333 Primo:
332 2268 381 2332 dd
402 2269 686 2333 determinandam
708 2273 778 2356 poli
803 2273 1021 2335 elevationem
1036 2269 1123 2334 [tella
1133 2271 1215 2332 baec
1229 2262 1360 2352 perido-

76 2397 142 2441 atea
155 2375 221 2439 vila
238 2373 300 2447 cst,
322 2394 399 2438 curn
415 2378 611 2440 variationea
632 2378 847 2440 altitudinum
876 2391 951 2439 ante
969 2390 1002 2459 et
1022 2374 1093 2461 poll
1115 2375 1286 2438 tranlitum
1300 2390 1360 2456 per

77 2484 300 2548 meridianum
323 2481 589 2557 observatorum,
618 2490 752 2570 exiguae
775 2482 977 2555 admodum,
1005 2483 1154 2568 adeoque
1175 2479 1359 2543 accuratiua
1391 2542 1394 2549 ,

76 2589 321 2675 computandae
341 2590 420 2663 fint,
448 2603 482 2652 et
507 2589 698 2654 altitudinea
713 2587 814 2674 ipsae,
845 2589 888 2651 ob
908 2591 1124 2676 perexiguum
1142 2606 1255 2651 arcum
1272 2582 1359 2646 diur-

75 2717 161 2760 num
181 2716 240 2780 per
254 2695 386 2780 longina
410 2698 569 2781 temporie
587 2697 796 2759 intervallum
814 2694 1051 2771 observandae,
1073 2696 1217 2781 ideoque
1231 2690 1360 2774 saepiu!

75 2805 114 2867 in
132 2801 352 2864 instrumento
363 2803 559 2886 repetendae
576 2818 609 2865 et
623 2802 893 2887 multiplicandae
907 2804 1054 2867 veniant.

158 2905 336 2970 Secundo:
365 2906 481 2970 Stellae
497 2909 597 2987 hujua
619 2908 696 2973 uiua
723 2908 764 2972 ad
780 2909 1046 2973 determinandoa
1070 2909 1276 2988 objectorum
1295 2912 1359 2961 ter·
1405 2895 1408 2899 ’

72 3012 225 3079 restrium
242 3010 320 3072 irtua
337 3008 484 3094 respectu
509 3014 683 3079 meridiani
713 3016 887 3078 translator
906 3015 959 3079 eil.
1001 3011 1249 3096 cumprimum
1268 3006 1361 3069 enim

74 3119 141 3183 tale
156 3113 242 3179 adest
256 3114 529 3192 instrumentum,
551 3122 647 3205 quale
661 3121 705 3184 eli
721 3122 860 3185 circulus
875 3123 1053 3202 repetitor,
1074 3117 1165 3207 quod
1182 3125 1309 3200 praeter
1321 3108 1360 3171 il·

74 3226 150 3291 lum
171 3223 320 3294 tubum,
341 3224 401 3307 qui
423 3223 463 3285 ad
484 3222 603 3286 llellam
618 3225 788 3311 dirigitur,
809 3229 874 3292 alio
888 3227 1064 3290 instruetur
1081 3223 1147 3297 cll,
1168 3224 1228 3308 qni
1244 3217 1285 3282 ad
1302 3215 1359 3279 ob-

75 3337 202 3416 jectum
226 3326 368 3392 terrellre
391 3328 489 3413 dirigi
509 3328 638 3413 potell:
675 3332 785 3395 illiita
804 3334 959 3418 applicari
974 3330 1125 3418 poliunt,
1157 3342 1197 3392 ut
1217 3320 1360 3395 constet,

78 3451 243 3525 quantum
260 3434 421 3519 angulum
444 3437 657 3519 intercipiant
675 3438 813 3522 planum
836 3439 991 3503 verticale
1009 3458 1068 3522 per
1081 3434 1225 3506 bellam,
1247 3442 1280 3493 et
1293 3428 1360 3514 pla·

77 3568 162 3614 num
174 3545 329 3608 verticale
343 3563 402 3626 per
418 3544 598 3623 objectum.
639 3541 727 3607 Cum
739 3563 837 3629 porro
854 3564 894 3609 cx
907 3542 1082 3609 altitudine
1111 3539 1217 3605 stellae
1239 3533 1361 3625 quovit

77 3666 229 3738 tempore
246 3649 399 3712 nolcatur
412 3651 511 3711 etiam
526 3648 685 3732 angulua,
699 3670 800 3735 quem
813 3670 892 3714 curu
908 3647 1090 3714 meridiano
1112 3644 1281 3730 intercipit
1294 3640 1361 3727 pla·

10 3754 13 3759 ’
75 3779 162 3823 num
177 3757 349 3829 verticale,
363 3758 399 3818 in
416 3775 482 3841 quo
502 3753 587 3817 stella
602 3753 764 3820 versatur:
786 3757 909 3837 objecti
927 3754 1103 3831 terrestria,
1132 3751 1225 3841 quod
1239 3757 1361 3813 vocant

75 3865 306 3935 Azirnntlrum,
329 3879 464 3947 quoque
479 3859 674 3924 innotelcet.
1066 3866 1070 3873 '

159 3968 358 4033 Conlnltum
374 3968 540 4055 aliquibua
557 3966 665 4029 vilnm
682 3963 748 4039 eli,
770 3964 1033 4031 oblectationem
1054 3963 1169 4053 anguli
1188 3955 1365 4043 intercepti

79 4075 206 4160 lemper
221 4077 256 4136 in
269 4077 411 4137 maxima
432 4072 627 4158 digrellione
649 4073 755 4139 liellae
774 4094 793 4141 a
812 4074 995 4138 meridiano
1020 4073 1084 4139 five
1100 4070 1275 4142 orientali,
1297 4065 1362 4128 ove

77 4179 277 4245 occidentali
301 4180 484 4256 inllitnere,
515 4184 675 4269 quoniam
699 4183 785 4247 circa
804 4183 890 4245 illud
911 4197 1062 4267 tempus,
1090 4198 1158 4267 quo
1175 4171 1361 4255 contingit.

76 4285 257 4355 daimutha
281 4286 392 4348 minua
414 4307 514 4374 quarn
539 4289 659 4374 quovia
684 4289 748 4354 alio
768 4305 952 4356 mutantur.
1014 4288 1079 4354 Sed
1094 4283 1245 4352 conditio
1263 4280 1364 4344 haec.

77 4413 157 4460 cum
178 4389 266 4455 liella
288 4393 419 4457 nonnisi
443 4408 548 4461 noctu
570 4408 629 4461 ant
649 4398 686 4461 in
702 4397 893 4484 crepusculo
920 4396 1081 4464 observari
1100 4391 1215 4479 pollii,
1235 4380 1365 4448 ¹¹¹0th

110 4655 150 4726 η
169 4651 364 4719 maroniae
379 4657 566 4722 laudamento
590 4673 643 4722 ate.
667 4660 783 4721 ruini·
799 4672 884 4732 am·
897 4676 964 4739 Ν·
978 4667 1040 4727 2³5·
