3202 5168
763 294 838 379 144

183 581 250 666 De
273 569 512 682 stellarum
542 568 864 654 inerrantium
898 562 1212 684 posttionibes
1259 565 1422 656 mediis

577 754 622 818 et
657 728 1015 851 apparentibus.

152 923 297 1034 Duplex
311 940 356 1008 en
370 940 633 1006 astronomorum
647 935 872 999 recentiorum
890 931 1085 996 observandi
1099 934 1307 1009 methodur.
1338 938 1443 1024 quain

156 1071 336 1142 corporum
359 1043 549 1112 coelestium
584 1040 763 1129 politionet
791 1038 996 1126 potissimum
1026 1041 1215 1126 inquirunt.
1283 1042 1444 1106 Perduet'u

155 1180 250 1229 nnnc
267 1157 307 1221 ed
329 1153 490 1217 summam
503 1164 537 1212 et
553 1144 781 1211 incredibilem
798 1143 864 1209 sere
879 1144 1091 1232 perfectionie
1107 1145 1251 1230 gradum
1266 1150 1443 1235 horologii·

157 1262 382 1335 oscillatoriie.
403 1257 529 1320 tellurir
547 1268 680 1316 motum
701 1252 860 1316 diurnum
884 1251 1145 1324 aemulantibut.
1177 1251 1327 1318 siderum
1348 1255 1444 1320 ascen·

158 1377 264 1439 liouee
286 1379 392 1430 rectae
414 1385 453 1427 ex
476 1360 637 1425 uniformi
658 1360 720 1423 hac
741 1359 949 1422 revolutione
970 1358 1064 1422 facile
1084 1357 1317 1426 deliniuntur.
1368 1362 1444 1427 Nun

158 1475 339 1562 eujurlibet
355 1471 462 1535 sideria
478 1471 572 1533 locut
588 1462 801 1530 deliniendur
816 1464 870 1528 rel
884 1465 924 1528 ad
942 1463 1059 1539 solem,
1081 1464 1133 1529 rel
1151 1464 1195 1528 ad
1210 1464 1340 1532 hellam
1353 1466 1443 1532 firm

159 1585 315 1671 cognitae
335 1577 509 1664 positionis
535 1573 699 1648 refertum
726 1571 817 1659 quod
834 1569 959 1656 duplici
986 1569 1057 1632 lieri
1073 1569 1179 1655 potest
1194 1572 1326 1648 modo,
1344 1575 1394 1638 rel
1410 1594 1442 1647 er

159 1698 233 1774 ejue
250 1686 408 1772 temporie
432 1681 567 1746 transitu
591 1700 650 1766 per
672 1677 728 1741 sula
750 1675 916 1762 telelcopii
935 1679 1020 1740 circa
1043 1697 1136 1740 axem
1151 1678 1440 1745 horizontaleruia

160 1800 259 1885 plano
277 1789 452 1857 meridiani
468 1784 753 1856 circumvolubili.
783 1781 876 1869 quod
893 1781 1149 1845 instrumentum
1172 1785 1439 1851 culminatoriunt

161 1906 215 1969 vel
240 1902 361 1965 tubum
387 1893 608 1958 meridianum
633 1886 857 1980 (lrfirrtment
883 1888 924 1949 de
952 1881 1115 1981 Pnffoge)
1136 1890 1312 1970 dicimuet
1346 1893 1439 1955 velex

161 2017 233 2092 cjue
250 2005 385 2069 transitu
401 2020 459 2086 per
473 1998 529 2061 lile
544 1997 715 2079 teleecopii
736 1993 925 2080 quadrantis
945 1993 1153 2060 astronomici
1169 2000 1210 2060 in
1233 2000 1335 2085 plano
1352 2000 1438 2061 meri·

162 2115 253 2178 dirui
277 2112 318 2174 ad
339 2127 474 2172 murum
496 2103 615 2179 assui,
637 2098 729 2189 quod
751 2118 899 2185 organon
918 2101 1118 2187 quadretuie
1146 2104 1296 2170 muratis
1315 2105 1437 2169 nomine

161 2234 407 2303 nuncupamur.

242 2323 293 2389 Ad
308 2324 429 2386 tubum
446 2314 668 2380 meridianum
682 2325 770 2375 recte
793 2309 1079 2387 constituendum,
1101 2313 1233 2379 summa
1256 2315 1329 2382 loci
1345 2315 1437 2381 solidi·

163 2447 232 2504 tra,
255 2445 287 2492 et
303 2440 460 2513 perpetue
477 2420 685 2485 instrumenti
701 2416 879 2482 constantia
897 2425 1086 2506 requiritur.
1127 2420 1218 2483 Nam
1244 2422 1267 2483 fi
1291 2424 1374 2487 tubo
1391 2423 1437 2485 teli

165 2537 305 2599 siderum
315 2528 467 2617 appulsus
478 2528 518 2590 ad
532 2523 875 2589 meridianumverum
885 2525 1114 2599 definiendus,
1134 2527 1189 2588 vel
1204 2527 1352 2593 absolute
1367 2544 1437 2593 tem.

164 2643 254 2728 porie
269 2636 475 2701 astronomici
490 2633 640 2696 mensure
658 2630 905 2693 determinanda
918 2630 980 2703 est,
1004 2630 1127 2694 summa
1143 2632 1182 2694 ed
1192 2634 1264 2699 hoc
1277 2638 1440 2722 negotium

165 2766 251 2833 opua
266 2743 309 2806 eil
326 2741 503 2804 subtilitate
519 2754 552 2802 et
569 2738 795 2808 accuratione,
824 2755 923 2820 quam
947 2739 1142 2822 neutiquam
1162 2737 1290 2828 assequi
1310 2744 1439 2828 poterit.

164 2852 225 2918 nin
240 2851 340 2913 tubue
355 2847 395 2910 ed
409 2866 557 2930 unguem
572 2840 752 2906 constiterit
769 2844 804 2902 in
816 2843 916 2927 pleno
937 2845 1121 2908 meridiani.
1166 2846 1201 2908 Si
1218 2870 1287 2933 qua
1304 2869 1381 2914 rero
1395 2850 1441 2911 de·

165 2961 268 3024 viatio
286 2957 396 3018 locum
415 2954 530 3021 habet.
552 2962 674 3037 quanta
688 2951 724 3010 in
740 2953 858 3035 quovis
874 2950 1045 3012 meridiani
1067 2965 1194 3035 puncto
1221 2955 1281 3027 tit,
1305 2959 1441 3042 apprime

165 3064 254 3128 nolle
264 3073 412 3145 oportet,
427 3073 465 3121 ut
476 3056 726 3128 observationes,
742 3057 822 3118 tubo
835 3057 901 3127 tali,
919 3056 1117 3117 ameridiani
1126 3057 1228 3141 pleno
1239 3058 1441 3132 deflectente.

164 3171 305 3239 habitae,
321 3186 379 3251 per
394 3164 557 3226 calculum
574 3163 693 3245 corrigi
707 3159 839 3245 possint.
881 3162 1157 3248 Quotiescunque
1172 3182 1253 3228 vero
1279 3165 1357 3231 solie
1377 3187 1441 3232 cen·

164 3292 255 3340 trum
272 3274 312 3336 ad
327 3272 425 3333 silum
440 3268 659 3332 meridianum
677 3270 749 3331 tubi
759 3270 999 3339 culminatorii‚
1014 3271 1049 3329 in
1064 3268 1249 3332 meridiano
1266 3274 1373 3357 probe
1386 3274 1441 3337 col.

165 3383 278 3453 locati,
294 3378 468 3465 pertingit:
491 3375 656 3457 horologii
665 3375 761 3448 hora,
776 3390 858 3439 tunc
876 3377 1006 3460 signata,
1023 3376 1137 3438 horam
1148 3375 1305 3440 meridiei
1326 3381 1443 3444 veriin·

167 3487 308 3557 dicabit.
328 3496 362 3546 et
376 3484 456 3544 hinc
468 3480 589 3544 indicit
603 3480 770 3563 horologii
784 3482 942 3543 aberratio
957 3465 1227 3567 a'verutemporie
1238 3481 1354 3550 soleria
1362 3506 1444 3550 men·

167 3593 239 3656 sura
263 3608 342 3652 mox
364 3586 558 3650 innotescet.
612 3586 648 3648 si
662 3586 827 3669 horologii
842 3599 954 3647 motue
975 3585 1016 3665 ad
1040 3600 1169 3672 tempus
1190 3591 1296 3674 primi
1316 3596 1445 3658 mobilit

165 3695 274 3782 (quod
289 3697 388 3757 etiam
409 3705 534 3774 tempus
538 3689 704 3782 sidereum
720 3689 878 3768 dicimus)
898 3692 1065 3773 procedit:
1092 3707 1224 3778 temput
1240 3716 1381 3776 verum,
1395 3721 1445 3788 pet

166 3802 333 3883 horologii
350 3798 474 3861 iudices
493 3813 665 3870 notatum,
687 3796 769 3857 dum
786 3811 937 3858 centrum
953 3796 1046 3872 solie,
1059 3800 1112 3862 vel
1134 3802 1225 3863 eliud
1238 3802 1330 3867 [idue
1347 3807 1447 3893 quod·

166 3928 302 3993 cunque
328 3906 426 3968 silum
450 3903 672 3966 meridianum
696 3903 770 3964 tubi
791 3900 1016 3966 culminetorii
1039 3909 1192 3990 attingit.
1228 3906 1447 3976 ascensionem

166 4027 289 4078 rectam
310 4031 419 4074 veram
438 4009 529 4084 solie,
545 4011 597 4072 vel
620 4009 728 4071 fiderit
750 4010 784 4068 in
805 4024 977 4072 momento
1004 4012 1254 4078 culminationia
1277 4018 1446 4084 indicabit.

166 4119 310 4204 Cognita
321 4120 431 4201 itaque
442 4115 527 4189 solie,
543 4118 595 4179 vel
608 4114 711 4189 lixae,
725 4114 778 4175 vel
794 4114 901 4178 liderie
912 4122 1144 4203 cujuscunque
1159 4117 1350 4190 escensione
1366 4143 1447 4192 recte

167 4249 207 4293 ex
222 4225 341 4287 tabulis
363 4223 603 4295 astronomicis,
626 4221 680 4284 seu
699 4219 840 4282 fixarum
858 4222 1028 4306 catalogis,
1046 4244 1085 4285 ex
1101 4230 1353 4310 comparatione
1374 4253 1446 4297 cum

167 4331 405 4399 observatione,
422 4329 655 4412 patebitillico,
672 4341 835 4412 quantum
849 4328 1061 4412 horologium
1073 4348 1091 4392 a
1105 4329 1448 4404 databacveraascen·

166 4443 255 4504 lione
268 4438 504 4507 recteaberret‚
526 4432 651 4507 hocell,
674 4447 837 4517 quantum
846 4434 1014 4517 horologii
1028 4435 1337 4525 indiceeperperam
1346 4446 1446 4531 dispo.

168 4550 252 4611 fitia
269 4559 417 4629 tempore
441 4559 519 4608 vero
543 4539 663 4606 fidereo
685 4540 811 4615 absint;
845 4538 936 4605 uude
955 4539 1099 4628 denique
1120 4542 1271 4612 absoluta
1293 4555 1447 4641 temporit

1386 4660 1448 4724 reti
