3202 5168
654 407 657 417 .
681 373 751 453 103

154 539 194 600 In
211 536 337 600 calculo
351 535 564 599 aberratinuie
581 534 740 608 luminia,
762 551 863 620 quem
885 534 1047 596 hactenue
1067 531 1359 616 pertractavimua,

10 633 13 644 ’
70 655 176 705 terrae
205 645 308 704 orbita
338 643 527 715 circularia,
556 641 773 725 ejuedemque
799 653 912 702 motus
935 657 1067 701 annunt
1090 639 1269 722 aequabilia
1286 638 1360 724 lup·

71 750 268 830 ponebatur.
319 749 388 809 lam
411 749 447 808 in
473 742 720 831 primianollrio
736 745 855 808 tabulis
878 758 1035 806 motuum
1050 743 1146 818 rotis,
1168 764 1256 807 anno
1280 766 1358 826 ¹79²

70 854 188 926 editis,
206 853 424 917 indicavimus
446 856 533 937 (pag.
545 856 639 934 144),
660 850 865 914 etiamtiturn
880 850 1028 926 luminia,
1048 863 1122 912 tum
1135 850 1261 913 telluris
1270 851 1360 913 velo·

70 961 156 1020 citae
191 961 226 1018 in
256 960 377 1033 orbita,
410 958 653 1044 propemodum
688 957 816 1042 ubique
852 956 965 1020 eadem
984 955 1079 1019 llatui
1108 953 1224 1040 polilt,
1244 971 1358 1020 tamen

67 1065 179 1144 rigore
200 1066 400 1146 geometrico
443 1084 511 1126 rem
528 1082 596 1125 non
613 1066 658 1125 ita
678 1061 708 1125 le
722 1062 856 1136 babere,
879 1081 956 1125 cum
970 1063 1054 1124 ratio
1068 1061 1254 1125 velocitatia
1271 1062 1357 1125 lucia

66 1184 104 1231 et
120 1169 243 1232 tellurie
265 1189 334 1231 non
358 1171 457 1255 plane
481 1169 595 1232 eadem
610 1169 647 1230 iit
664 1170 699 1231 in
716 1170 873 1231 omnibua
887 1170 1013 1231 orbitae
1028 1169 1181 1253 punctia;
1208 1166 1359 1230 differen-

69 1277 242 1346 timuero,
265 1296 349 1361 quae
364 1275 482 1338 exinde
498 1273 666 1360 proficisci
681 1274 819 1359 posint,
841 1289 908 1337 tam
923 1276 1016 1357 parvi
1032 1273 1093 1336 effe
1111 1275 1297 1345 momenti,
1319 1285 1360 1335 ut
1383 1288 1387 1295 ’

68 1381 108 1442 in
129 1381 255 1442 calculo
281 1379 554 1466 lempulofiliimo
583 1391 657 1441 tuto
682 1383 849 1465 praeteriri
881 1392 1013 1465 queant.
1075 1377 1140 1443 Sed
1165 1376 1358 1458 ailronomia

68 1486 268 1571 quibusdam
288 1487 529 1550 recentioribna
549 1482 657 1546 visum
673 1485 733 1559 eil,
754 1489 935 1558 rationem,
957 1503 1043 1571 quae
1066 1503 1106 1547 ex
1126 1485 1360 1569 inaequalitate

67 1607 180 1654 motus
204 1592 332 1655 tellurla
359 1597 397 1655 in
421 1593 526 1654 orbita
548 1591 692 1674 elllptica
714 1594 750 1653 in
771 1593 983 1654 aberrationia
1003 1588 1160 1654 effectum
1173 1587 1358 1652 redundare

67 1697 189 1781 pollet,
209 1718 281 1760 non
307 1697 368 1761 effe
394 1699 431 1759 in
453 1696 612 1759 hodierna
634 1699 725 1781 praxi
740 1697 952 1760 astronomica
971 1696 1262 1760 contemnendam.
1303 1695 1359 1756 ln·
1399 1777 1401 1782 .

69 1803 229 1887 dagarunt
244 1807 356 1888 itaque
369 1804 540 1865 materiem
556 1803 641 1865 hanc
659 1801 836 1865 doctillimi
857 1804 921 1863 viri
937 1793 988 1866 Cl.
1009 1803 1087 1866 DE
1107 1804 1172 1867 LA
1190 1801 1357 1865 PLACE

67 1922 101 1969 et
119 1908 169 1970 Cl.
190 1908 503 1978 DELAMBRE,
531 1907 662 1992 qualem
683 1926 803 1992 nempe
830 1911 1047 1973 variationem
1067 1909 1249 1993 inaequalia
1274 1908 1357 1969 haec

67 2026 170 2075 terrae
186 2015 341 2076 velocitas
358 2016 395 2074 in
413 2014 625 2076 aberrationia
641 2013 794 2076 effectum
806 2015 988 2098 producere
1000 2016 1141 2088 valeret,
1162 2027 1196 2075 et
1211 2032 1355 2097 quanam

65 2121 228 2181 methodo
253 2119 398 2181 calculus
422 2120 478 2180 bic
502 2117 686 2182 brevillime
710 2119 913 2202 peragendae
935 2120 1022 2184 ollet.
1077 2120 1355 2205 Diequifitionem

65 2227 155 2290 hanc
186 2224 401 2306 disceptatam
436 2224 549 2287 videre
586 2225 664 2286 licet
708 2225 745 2282 in
782 2223 886 2287 Coun.
924 2225 981 2286 des
1017 2236 1125 2297 tems,
1168 2220 1274 2284 annee
1311 2223 1357 2287 lx
1402 2236 1406 2244 '

63 2351 143 2416 pag.
167 2347 224 2404 471
244 2370 252 2398 ,
288 2343 321 2389 et
342 2322 447 2387 annee
467 2329 531 2398 XI,
555 2349 629 2412 pag.
655 2346 725 2408 344.
785 2328 856 2390 Noa
883 2341 1016 2411 tantum
1044 2332 1081 2390 in
1106 2348 1146 2393 eo
1165 2346 1353 2401 moramur,

62 2438 119 2499 Cl.
140 2421 427 2498 DELAMBRE
448 2435 572 2498 ibidem
587 2433 829 2503 demonstrasse,
852 2431 1006 2496 effectum
1025 2435 1116 2500 bunc
1133 2455 1174 2500 ex
1196 2432 1352 2498 terrestria

66 2543 194 2607 orbitae
208 2543 455 2604 excentricitate
470 2543 580 2626 gigni,
600 2543 636 2603 in
652 2539 870 2604 alcenfionem
889 2554 1030 2604 rectam:

369 2672 555 2774 Q
575 2714 621 2777 fin
642 2714 732 2796 (dle
754 2713 841 2789 -a⁸
864 2717 920 2792 42'
945 2716 1028 2796 40')

370 2777 554 2842 notent*

63 2915 103 2980 iu
123 2911 406 2978 declinationem:

185 3080 228 3095 ·-
242 3043 351 3117 o,'022
365 3040 555 3108 terdena
576 3040 844 3124 40,'33531col
857 3044 948 3125 (itta
969 3048 1054 3120 -a⁰
1073 3046 1130 3124 μ’
1150 3045 1242 3124 4ο’).

124 3201 332 3282 supputetur
346 3195 486 3277 exempli
495 3198 595 3279 gratia
610 3194 747 3258 effectur
756 3197 878 3277 bicpro
887 3194 1092 3255 aberratione
1102 3189 1353 3275 ilellaepolarir3

62 3292 224 3371 inveniet,
244 3299 389 3361 eundem
403 3297 464 3359 elle
483 3319 525 3364 -t-
544 3303 613 3376 0,'8
619 3321 632 3375 3
650 3303 685 3361 in
702 3299 919 3362 alcenltonem
934 3308 1073 3370 rectam,
1088 3312 1122 3360 et
1149 3319 1190 3365 -r-
1204 3301 1252 3368 ο,”
1259 3316 1272 3373 3
1279 3316 1292 3372 3
1318 3298 1356 3357 in

64 3409 340 3480 declinationem
364 3424 403 3465 ex
421 3421 488 3488 quo
505 3405 732 3491 consequitur,
751 3407 1048 3467 correctiuncnlam
1069 3406 1157 3466 hanc
1178 3401 1303 3486 semper
1319 3413 1354 3464 et

61 3515 189 3598 ubique
204 3526 277 3573 tuto
296 3511 418 3592 negligi
433 3506 531 3593 polle.
585 3510 670 3570 Nam
692 3512 746 3572 illa
765 3511 979 3594 praetermilla
1006 3530 1076 3575 non
1102 3508 1192 3572 aliud
1214 3507 1294 3569 inde
1315 3508 1353 3568 in

61 3619 276 3683 aberrationie
299 3616 517 3700 quantitatem
539 3614 722 3677 redundare
744 3616 849 3699 potell
870 3617 1066 3688 discrimen,
1089 3634 1190 3701 quam
1208 3626 1248 3676 ut
1263 3613 1351 3676 aber·

60 3728 146 3790 ratio
173 3741 355 3806 apparent,
379 3718 471 3781 solita
493 3721 653 3783 methodo
681 3720 872 3806 supputata,
895 3742 969 3785 vera
991 3721 1081 3796 o‚'83
1099 3725 1222 3801 major,
1245 3734 1277 3782 et
1300 3721 1353 3782 iti·

61 3834 138 3895 dem
149 3829 325 3891 declinatio
348 3830 395 3897 0,'
403 3845 437 3901 33
458 3843 593 3911 quoque
602 3829 726 3906 major,
747 3826 929 3912 etquidem
945 3826 1059 3890 eadem
1084 3829 1145 3890 hac
1166 3830 1354 3915 quantitate

60 3936 189 4021 [emper
216 3935 415 3995 inveniatur.
478 3932 545 4016 Qui
571 3952 648 3994 vero
675 3933 732 3996 srbi
756 3934 909 4018 religioni
932 3933 1080 4005 ducunt,
1110 3935 1354 3996 correctionem
1383 4006 1389 4019 ¹

59 4044 150 4108 banc
175 4040 385 4100 aberrationia
410 4041 694 4122 praetermittere,
716 4037 876 4123 poterunt
899 4039 1064 4113 eandem,
1093 4039 1213 4103 iisdem
1233 4040 1354 4103 tabulia

59 4147 180 4212 nollris
202 4145 265 4204 live
287 4142 549 4216 universalibus,
578 4145 643 4207 live
668 4143 887 4229 specialibue,
921 4143 1024 4206 modo
1047 4143 1194 4231 perfacili
1219 4145 1351 4230 ailequi.

59 4251 193 4318 Sufficit
213 4249 301 4313 enim
317 4267 375 4332 pro
396 4249 468 4312 data
487 4249 551 4312 fixa
568 4270 607 4311 ex
623 4250 742 4314 tabulit
758 4249 924 4315 consuetis
941 4270 1019 4313 cum
1042 4265 1238 4339 argumento
1259 4250 1351 4331 long.

60 4360 167 4444 perig.
195 4361 249 4429 Θ,
287 4374 369 4438 quae
391 4352 573 4419 secundum
602 4355 729 4420 tabulae
756 4357 879 4421 nostrae
904 4354 1020 4420 lolarea
1042 4358 1275 4422 recentissimae
1309 4351 1354 4414 est

61 4479 95 4547 9⁵
130 4464 165 4545 9·
193 4466 271 4542 29¹,
294 4459 462 4543 exquirere
484 4461 697 4524 aberrationia
719 4465 937 4548 quantitatem
964 4461 1231 4550 respondentem,
1249 4476 1351 4546 quw·

61 4589 121 4655 per
140 4564 316 4639 indivisa,
337 4583 417 4630 mox
431 4565 521 4632 dabit
538 4569 837 4636 correctiuuculam
857 4570 1045 4654 quaefitam.
1133 4596 1142 4615 ·
1263 4604 1270 4615 ·
