3202 5168
734 266 841 357 '.²03

159 434 358 498 ¹servationis
380 445 602 495 momentum.
653 427 839 491 Calcusetur
859 449 978 514 nempe
997 447 1058 515 pro
1081 430 1228 499 distantia
1254 437 1401 522 planetae
1423 460 1440 503 a

168 541 284 602 tellure
309 553 458 621 tempus,
486 556 553 622 quo
579 537 692 597 lumen
715 534 754 594 ab
783 534 840 595 illo
867 535 907 595 ad
934 536 1018 595 hanc
1041 540 1192 618 pervenit
1210 541 1245 601 in
1260 546 1385 605 ratione
1401 549 1433 618 ε’

171 645 237 720 η,”
258 666 271 705 2
292 662 352 726 pro
370 641 517 706 distantia
535 657 576 706 Σ
592 662 624 711 1,
645 640 679 700 id
698 638 742 701 est
762 674 801 689 -
822 640 910 723 493,'
945 661 959 700 2
980 640 1188 724 xtliss.plan.
1209 665 1227 705 a
1247 650 1290 721 ὃς
1318 646 1440 710 aufem.

168 762 224 811 tur
243 750 309 809 hoc
332 751 488 831 temporie
509 745 716 808 intervalium
737 764 754 805 a
776 758 924 829 tempore
938 764 1015 806 vero
1030 745 1218 823 observato;
1248 764 1328 813 tunc
1346 754 1438 815 locus

167 873 266 916 verus
289 851 438 935 planetae
461 853 500 913 ab
524 840 723 941 aberratione
740 866 898 932 purgatus
920 849 1008 911 idem
1029 854 1089 911 erit
1105 871 1181 913 eum
1196 860 1362 938 apparenti
1378 878 1438 941 pro

167 960 236 1021 hoc
260 957 417 1040 temporis
441 969 612 1018 momento
633 952 779 1016 reducto.
821 957 930 1016 Locus
954 955 1055 1037 igitur
1077 955 1225 1039 planetae
1251 957 1437 1024 observatus

168 1064 215 1129 ab,
229 1064 293 1124 hoc
307 1061 390 1123 lucio
406 1058 526 1122 effectu
544 1060 706 1129 liberatur,
720 1060 881 1120 mutando
899 1073 1029 1142 tempus
1041 1057 1295 1138 observationio3
1317 1079 1350 1127 et
1366 1068 1439 1130 vice

167 1166 258 1230 versa
272 1165 313 1228 ad
328 1164 554 1228 calculandum
569 1163 681 1224 locum
697 1179 906 1246 apparentem
930 1162 1037 1224 sideris
1056 1184 1095 1224 ex
1117 1166 1235 1229 tabulis
1251 1169 1440 1234 astronomi·

168 1275 218 1336 cie
244 1270 371 1349 juvabit
394 1270 505 1332 locum
527 1288 641 1329 verum
668 1286 727 1349 pro
747 1282 893 1352 tempore
916 1270 980 1330 hoc
1003 1268 1138 1330 reducto
1160 1272 1333 1337 calculuffe.
1375 1277 1438 1339 Sed

168 1379 232 1439 hac
248 1374 405 1437 methodo
424 1371 655 1435 tantummodo
670 1374 750 1434 haec
767 1375 977 1436 aberrationit
992 1394 1063 1457 para
1079 1374 1217 1448 tollitur,
1239 1399 1322 1461 quae
1339 1401 1357 1442 a
1372 1383 1437 1464 pla·
1496 1434 1503 1450 ,

165 1493 263 1542 nette
278 1492 371 1540 motu
386 1480 518 1562 proprio
533 1475 674 1561 pendet,
697 1477 749 1538 illa
765 1497 841 1539 vero
859 1497 950 1562 pars,
973 1498 1056 1562 quae
1077 1498 1094 1539 a
1114 1480 1237 1543 telluris
1252 1499 1348 1546 motu
1365 1507 1436 1569 pro·

149 1564 276 1657 ¹uenit,
306 1598 343 1647 ut
360 1584 452 1668 supra
465 1602 539 1667 pag.
560 1598 615 1661 109
633 1584 699 1662 jam
720 1582 937 1656 ostendimus,
958 1582 1116 1666 planetis.
1138 1596 1177 1647 ut
1192 1588 1347 1653 omnibus
1363 1590 1435 1654 fixio

165 1689 426 1755 communiret.

277 2107 346 2192 De
379 2101 626 2222 parallaxi
663 2125 708 2186 et
749 2097 975 2188 diametra
1014 2102 1323 2219 planetarum.

165 2284 210 2373 St
231 2304 406 2370 astronomi
425 2305 628 2388 planetamm
649 2316 760 2364 motus
776 2322 793 2363 e
809 2319 921 2367 centro
939 2321 1041 2369 terrae
1057 2306 1279 2372 observarent:
1301 2311 1433 2375 illorum

164 2417 240 2479 loca
255 2409 296 2473 ad
310 2407 400 2470 idem
414 2408 498 2470 coeli
512 2422 676 2491 punctum
690 2400 853 2472 referrent.
888 2409 974 2472 Cum
987 2425 1098 2474 autem
1113 2433 1181 2474 non
1196 2433 1215 2477 e
1231 2429 1361 2488 centro,
1381 2416 1433 2479 sed

166 2540 208 2583 ex
234 2513 402 2599 superficie
425 2526 525 2574 terrae
548 2510 787 2576 observationes
814 2512 1000 2579 instituant:
1033 2516 1148 2599 singuli
1172 2533 1282 2581 motat
1299 2519 1433 2585 eosdem

165 2643 238 2687 non
252 2625 287 2682 in
303 2618 420 2681 eodem
438 2632 579 2680 cernunt
592 2618 677 2680 loco.
719 2618 802 2680 Nam
816 2639 855 2680 ex
871 2621 988 2701 opticit
1002 2621 1172 2682 elementia
1186 2621 1431 2700 demonstratur,

167 2729 336 2806 objectum
352 2743 392 2785 ex
407 2722 537 2785 duobus
554 2725 687 2806 punctis
713 2721 820 2785 visum
842 2726 879 2785 iu
898 2723 1027 2786 divertit
1047 2744 1198 2808 apparere
1215 2727 1314 2803 locit3
1342 2729 1432 2794 diffe-

164 2831 309 2897 rentiam
324 2846 401 2888 vero
416 2828 565 2889 locorum
580 2830 806 2910 apparentium
819 2828 990 2909 paradoxi
1003 2825 1145 2891 definiri.
1164 2830 1219 2892 Est
1232 2850 1308 2915 ergo
1321 2834 1433 2911 parai-

166 2938 257 3000 saxis
278 2933 332 2994 seu
354 2929 490 3011 angulas
508 2932 743 3011 parasiacticus
765 2931 947 2994 differentia
969 2932 1139 3005 locorum.
1166 2935 1203 2996 in
1225 2937 1344 3020 quibus
1367 2940 1432 3023 pia·

163 3053 243 3106 neta
257 3058 275 3099 e
290 3049 402 3099 centro
420 3048 522 3119 terrae
535 3050 568 3097 et
583 3040 653 3116 ejut
671 3035 840 3121 superficie
855 3036 942 3099 visua
955 3051 1103 3121 appeten
1125 3036 1179 3100 seu
1195 3042 1354 3124 angulus,
1373 3044 1431 3109 sub

167 3164 236 3233 quo
252 3141 359 3204 radius
377 3154 476 3202 terrae
490 3160 529 3202 ex
543 3141 672 3223 planeta
692 3142 866 3226 spectatur,
897 3143 955 3228 qui
975 3142 1074 3203 etium
1095 3144 1232 3206 nomine
1246 3148 1433 3226 paralsaxir

164 3249 306 3313 diurnae
320 3243 509 3328 insignitur,
536 3257 576 3305 ut
593 3265 609 3305 a
625 3246 796 3324 parallaxi
812 3266 924 3308 annua
953 3243 1184 3329 distinguatur,
1212 3251 1272 3333 qui
1293 3254 1431 3338 angulus

164 3353 229 3428 est,
249 3352 308 3414 sub
324 3369 391 3436 quo
407 3348 646 3411 semidiameter
657 3350 782 3413 orbitae
799 3350 923 3412 telluris
939 3369 978 3412 ex
992 3350 1072 3415 aura
1092 3351 1264 3438 spectetur.

246 3459 297 3519 Ex
311 3456 526 3519 astronomiae
540 3454 712 3538 principiis
725 3467 831 3539 patet,
853 3454 1061 3518 altitudinem
1075 3457 1241 3541 planetae.
1264 3458 1355 3547 supra
1372 3466 1431 3529 ho.

168 3566 361 3627 rizonteme
374 3575 488 3625 centro
504 3574 605 3622 terrae
618 3558 694 3629 visi,
715 3557 866 3641 partlltxi
879 3561 998 3645 minui.
1018 3561 1185 3647 Quoniam
1199 3567 1309 3652 itaquo
1324 3571 1433 3653 plane-

165 3682 275 3730 tarum
295 3666 486 3730 altitudines
500 3665 650 3749 parallaxi
669 3675 858 3734 mutantur.
886 3664 1058 3729 necessario
1078 3681 1111 3731 et
1132 3667 1264 3732 illorum
1281 3670 1432 3740 ascentio-
1547 3714 1552 3721 ·

164 3791 226 3836 nee
242 3785 364 3847 rectae,
385 3771 641 3841 declinationes,
662 3767 888 3853 longitudines
903 3782 936 3831 et
952 3769 1143 3853 latitudinee
1163 3777 1282 3838 mutari
1299 3777 1431 3850 debent.

164 3877 256 3941 Cum
285 3878 425 3940 veroin
455 3877 627 3939 volumine
655 3876 720 3939 hoc
750 3893 787 3937 et
813 3887 943 3936 tantum
979 3876 1246 3961 congesserimus,
1281 3902 1365 3968 quae
1392 3888 1433 3951 od

165 3980 325 4047 astremm
339 3982 374 4041 in
390 3979 459 4066 ipso
475 3981 658 4050 meridiano
674 3977 872 4043 versantium
889 3978 1130 4046 observationes
1153 3985 1356 4057 calculanda·
1376 4007 1432 4056 ant

162 4085 336 4153 necessaria
350 4099 407 4147 aut
426 4084 660 4170 percommodo
681 4084 777 4150 sumt
805 4086 848 4152 de
863 4085 1036 4169 parallaxi
1054 4086 1240 4155 altitudinis
1264 4096 1363 4160 nobit
1384 4096 1431 4160 so·

162 4192 238 4255 sum
253 4190 356 4253 sermo
375 4192 447 4254 erit.
1164 4266 1176 4292 ί

245 4296 345 4359 Siout
366 4292 533 4358 distantiae
548 4316 566 4359 ι
579 4296 721 4371 vertice,
741 4295 797 4360 seu
814 4296 943 4361 casinus
959 4297 1142 4363 nititudinie
1160 4298 1286 4375 sideria.
1307 4301 1431 4368 dirisut

162 4419 223 4490 per
247 4399 431 4462 distantiam
445 4397 626 4478 ejusdema
643 4401 774 4475 tellure,
802 4402 907 4486 posito
921 4403 1013 4466 radio
1029 4418 1129 4470 terrae
1148 4419 1190 4472 .-.
1213 4427 1246 4480 t,
1265 4406 1431 4491 parallaxia

164 4507 228 4583 esi,
249 4524 333 4595 quoe
347 4503 535 4588 parallaais
549 4504 737 4570 altitudinis
751 4505 882 4571 dicitur.
909 4507 1080 4575 Paralltxie
1095 4513 1174 4577 hoec
1187 4512 1298 4596 itaque
1313 4513 1374 4575 erit
1390 4534 1430 4582 eo

839 4612 944 4678 cea
