3202 5168
709 336 760 415 77

412 495 485 579 'De
528 493 849 579 Aberratione
889 495 1042 578 Lucis.

89 676 150 764 De
172 695 312 758 fixarum
334 715 351 758 a
379 697 495 760 tellure
514 697 681 770 dislantia,
709 697 856 781 adeoque
878 697 918 759 de
941 698 1070 760 illarum
1092 696 1266 782 parallaxi,
1291 699 1375 761 mul.

91 813 165 862 turn
188 812 221 860 et
237 799 293 859 diu
315 795 401 880 apud
422 795 623 861 astronomos
650 800 852 881 superiorum
877 797 1060 860 seculorum
1085 796 1287 879 disputatum
1309 797 1373 874 ell3

90 907 146 968 alii
166 926 236 966 eam
253 907 427 982 majorem,
442 902 495 964 alii
512 905 675 965 minorem
694 906 872 988 putabant,
894 904 1048 966 nonnulli
1066 900 1245 963 infinitam.
1287 902 1370 986 Sup-

90 1014 229 1095 ponitur
245 1011 365 1093 vulgo,
387 1008 583 1071 diametrum
601 1012 725 1073 orbitae
743 1008 893 1073 terrestria
911 1008 951 1071 ad
969 1008 1153 1070 distantiam
1172 1007 1312 1070 fixarum
1327 1026 1371 1072 ue

88 1118 263 1178 minimam
287 1114 421 1200 quidem
450 1115 568 1176 habere
594 1120 781 1189 rationem,
811 1129 844 1178 et
870 1114 977 1199 ipsum
1000 1100 1112 1177 orbem
1134 1133 1284 1175 annuum
1310 1112 1372 1176 esse

71 1221 187 1282 'instar
202 1224 318 1303 puncti
334 1217 478 1303 respectu
497 1218 645 1303 sphaerae
663 1219 821 1294 fixarum,
844 1222 986 1305 ideoque
1008 1221 1185 1304 angulum,
1209 1239 1309 1303 quem
1324 1219 1372 1281 di·

88 1328 215 1395 cimua,
241 1325 428 1403 paradoxis
452 1347 600 1399 annuae,
627 1328 725 1410 plane
746 1327 935 1390 evanescere
943 1370 952 1402 ,
980 1342 1014 1390 et
1036 1326 1135 1388 nullia
1158 1326 1287 1408 organis
1311 1325 1371 1387 hu·

85 1434 230 1494 manitus
249 1429 309 1491 ede
327 1429 572 1494 observabilem.

167 1536 216 1598 td
234 1539 354 1598 horum
381 1552 653 1620 argumentorum
674 1539 843 1600 veritatem
868 1535 1144 1621 perspiciendam,
1169 1548 1203 1598 et
1225 1532 1370 1598 observa·
1446 1537 1448 1551 ³

87 1642 237 1705 tionibus
247 1643 545 1724 comprobandam,
567 1648 632 1723 jam
652 1646 690 1705 ab
708 1664 794 1706 anno
815 1661 887 1720 ¹58²
911 1643 950 1704 ad
967 1641 1113 1703 nostrum
1128 1662 1235 1727 uaque
1250 1659 1369 1702 aevum

87 1750 176 1811 orbis
193 1751 303 1830 magni
317 1748 492 1830 parallaxin
510 1751 619 1810 rimati
636 1749 709 1810 suut
725 1749 911 1811 astronomi.
953 1749 1060 1832 Quam
1085 1746 1305 1810 subtilissimae
1319 1748 1368 1808 iu·

88 1856 216 1938 daginia
245 1856 413 1915 materiem
451 1858 602 1938 inprimis
637 1856 877 1940 inquisiverunt
918 1854 1368 1926 Tt'oiro-BRAHEVs,

87 1959 390 2032 RiCCIOLVS.
438 1961 709 2025 ROBERTVS
746 1961 983 2026 HOOfflVs
1012 1975 1056 2022 ¹et
1097 1959 1369 2024 FLAMSYEE·

85 2066 191 2130 DIV
192 2067 215 2127 S
223 2109 232 2137 ,
255 2065 307 2126 sed
332 2065 471 2129 successu
491 2066 579 2128 haud
599 2065 697 2127 felici.

167 2171 255 2234 Cum
291 2170 348 2231 sub
383 2169 486 2233 linem
517 2175 596 2233 anni
636 2191 711 2247 1725
748 2169 831 2237 Clar.
866 2172 972 2235 SAM.
1007 2165 1303 2234 MOLYNEVX
1333 2183 1366 2232 et

85 2276 360 2341 BRADLEJV
361 2278 384 2338 S
410 2276 631 2338 instrumentis
656 2275 867 2358 amplioribus
892 2292 924 2338 et
946 2277 1220 2347 accuratioribus,
1249 2273 1289 2336 ad
1315 2293 1367 2335 ex·
1454 2325 1457 2331 .

84 2381 280 2470 plorandam
298 2384 383 2444 hanc
399 2381 612 2444 latitudinum
625 2383 799 2464 parallaxin
818 2381 847 2442 se
862 2379 972 2442 denuo
987 2382 1218 2444 accinxissent:
1242 2380 1366 2443 detexit

84 2493 213 2577 primun
236 2489 285 2551 Cl.
309 2488 577 2551 BRADLEJV
580 2490 603 2549 S
619 2492 701 2550 circa
721 2489 959 2566 17Decemhri·
979 2509 1051 2565 17²5
1077 2487 1195 2549 stellam
1211 2517 1232 2568 γ
1247 2489 1365 2549 Draco·

84 2599 140 2660 nia
157 2617 174 2658 a
192 2598 311 2657 vertice
327 2593 470 2655 auslrum
484 2592 592 2655 versuo
611 2593 721 2656 sensim
738 2595 885 2656 recedere
893 2613 904 2662 ;
927 2595 1014 2656 illiue
1037 2597 1138 2677 igitur
1155 2594 1366 2657 latitudinem

84 2701 268 2767 decrescere
292 2701 344 2762 ao'
368 2721 475 2786 utque
497 2701 535 2761 ad
563 2703 696 2763 initium
717 2702 828 2762 Martii
855 2705 941 2778 1726.
983 2704 1009 2764 Δ
1033 2701 1108 2763 loco
1134 2700 1252 2762 mensae
1272 2701 1364 2761 lunii

86 2809 142 2871 20'
168 2811 202 2867 in
222 2807 496 2888 septemtrionem
520 2806 701 2867 divertebat
722 2806 824 2877 llella,
847 2807 1002 2893 illincque
1023 2807 1163 2869 latitudo
1186 2803 1364 2880 crescebat,

82 2916 130 2975 ita
146 2924 184 2972 ut
201 2909 383 2972 dill'erentia
397 2912 612 2974 latitudinum
631 2915 718 2976 inter
740 2913 812 2976 loca
846 2909 956 2976 mense
980 2913 1101 2975 Martio
1124 2925 1157 2975 et
1179 2911 1364 2994 Septembri

80 3033 195 3085 notata
214 3016 289 3076 ellet
312 3019 381 3093 39'.

165 3122 379 3204 comparanti
402 3134 513 3183 motua
536 3125 597 3186 ho'e
622 3137 812 3208 apparentes
836 3122 942 3185 stellae
964 3125 1123 3187 Draconis
1159 3142 1237 3187 cum
1263 3121 1362 3205 paral·

84 3233 164 3296 laxis
181 3247 309 3291 annuae
323 3227 468 3309 legibue,
490 3228 578 3290 illico
594 3233 736 3312 patebit,
754 3230 832 3292 illoa
847 3229 1012 3314 parallaxia
1036 3232 1136 3308 hujua
1158 3227 1328 3291 ell'ectibna
1344 3249 1364 3293 e

84 3339 244 3400 diametro
262 3333 321 3393 ell'e
339 3333 516 3415 oppofitoa.
557 3335 641 3394 Nam
662 3335 801 3394 maxima
821 3333 961 3396 latitudo
982 3337 1018 3396 in
1044 3334 1304 3418 oppositionem,
1329 3348 1362 3400 et

83 3444 223 3508 minima
240 3442 273 3499 in
291 3441 564 3517 conjunctionem
585 3439 729 3501 incidere
751 3439 928 3514 debuisset3
961 3443 1085 3502 etenim
1108 3439 1289 3503 secundum
1305 3442 1362 3505 ob·

84 3548 281 3611 [errationes
304 3545 353 3606 Cl.
375 3545 627 3608 BRADLEJI
647 3545 807 3606 maximae
827 3560 860 3607 et
878 3547 1036 3608 minimae
1059 3545 1250 3609 latitudines
1277 3549 1362 3613 cirea

82 3656 241 3717 Martium
257 3664 290 3711 et
307 3650 529 3732 Septembrem
546 3651 768 3732 contigerunt.
806 3651 869 3714 Sed
890 3653 1230 3739 tuncteruporiallella
1245 3668 1311 3717 erat
1326 3656 1362 3719 in

83 3759 308 3848 quadratario,
331 3757 388 3817 ubi
404 3759 553 3840 aequales
569 3757 753 3821 debuissent
768 3757 829 3821 elle
844 3759 1051 3836 latitudinea,
1072 3778 1155 3848 quae
1171 3763 1207 3824 in
1222 3760 1279 3827 illo
1298 3761 1361 3827 litu

78 3867 230 3954 parallaxi
256 3876 375 3925 carent.

163 3969 236 4033 Poll
250 3972 333 4031 varia
351 3971 542 4041 tentamina,
556 3968 787 4055 inexspectata
803 3987 834 4035 et
849 3972 1025 4058 paradoxae
1040 3972 1170 4059 prorsua
1187 3973 1280 4038 hasce
1293 3975 1360 4039 siel-
1485 3969 1489 3985 ¹

80 4081 188 4144 larum
211 4077 404 4137 variationea
426 4076 635 4160 explicandi,
667 4079 799 4141 taudem
822 4078 961 4143 feliciter
988 4081 1116 4142 invenit
1140 4079 1191 4143 Cl.
1208 4083 1361 4145 BRAD·

55 4232 60 4237 .
80 4185 176 4253 LE]
178 4182 213 4247 V
216 4184 239 4245 S
245 4224 254 4253 ,
277 4201 385 4243 veram
401 4181 528 4244 causam
550 4184 671 4245 horum
689 4185 994 4267 phaenomenorum
1009 4185 1070 4248 elle
1080 4180 1296 4280 sncceffivom
1315 4187 1361 4249 lu·

80 4293 179 4355 minis
198 4289 489 4369 propagationem,
512 4288 590 4352 act.
610 4291 744 4359 OLAO
764 4292 1024 4356 ROEMERO
1039 4295 1123 4355 circa
1137 4314 1262 4355 anuum
1282 4296 1356 4369 1675

81 4401 227 4482 primum
242 4414 305 4478 ope
323 4393 681 4475 eclipsiumsatellitum
704 4398 793 4460 Jovia
816 4397 989 4461 detectam.
1031 4399 1245 4469 Observatum
1267 4400 1357 4459 enim

80 4504 143 4575 eu,
161 4499 293 4585 eclipses
317 4495 489 4560 satellitum
512 4502 610 4563 eitiue
633 4504 825 4587 contingere
847 4507 931 4568 circa
956 4506 1222 4589 oppositionem,
1257 4523 1357 4586 quana
1422 4546 1427 4554 -

79 4593 166 4676 circa
193 4606 469 4686 conjunctionem
490 4607 604 4681 lavia,
639 4609 778 4694 illaeque
797 4626 838 4673 eo
861 4610 984 4674 tardiua
1005 4612 1124 4684 cerni,
1160 4627 1227 4695 quo
1250 4613 1357 4697 magia
