3202 5168
873 327 920 408 ¹4

252 469 403 582 suspenso
426 496 556 558 haereat
579 493 683 555 lector
704 491 745 554 de
764 491 961 577 primipilo,
984 492 1106 576 quibua
1127 488 1256 552 tabulae
1279 489 1409 554 nollrae
1435 489 1546 576 super·

249 605 388 668 structae
404 600 495 675 sunt;
518 620 561 660 ne
578 601 613 659 in
627 599 782 681 ambiguo
799 600 928 660 haereat
949 597 1133 658 calculator
1152 598 1188 657 in
1214 596 1344 659 illarum
1361 596 1547 662 consuetu·

249 711 339 772 dine.
381 707 607 792 Quaeitaque
630 704 671 766 ad
693 702 936 764 elementorum
961 699 1145 763 nostrorum
1167 702 1328 764 theoriam
1348 703 1543 788 intelligen-

250 813 326 877 dam
346 813 578 897 requiruntur,
610 811 655 871 ita
678 820 827 871 accurate
848 825 1029 890 exponam,
1058 816 1097 865 ut
1114 802 1236 888 sperem
1258 807 1346 880 sore,
1368 823 1407 871 ut
1429 831 1543 874 rerum

249 915 439 983 coelestium
462 914 605 978 cultorea
630 914 741 975 omnia
764 910 859 975 lacile
878 909 1051 996 persequi,
1079 908 1121 971 de
1142 929 1177 972 re
1197 924 1267 973 tota
1281 913 1455 991 iudicare,
1477 919 1540 981 cal·

249 1023 346 1087 culoa
368 1021 556 1083 numericoa
573 1017 639 1079 sine
656 1016 784 1080 errandi
798 1016 945 1102 periculo
960 1015 1143 1088 instituere,
1159 1030 1193 1078 et
1205 1016 1297 1080 locos
1314 1017 1458 1086 stxarum
1474 1024 1539 1088 live

250 1147 363 1200 veroa,
380 1127 444 1189 live
458 1135 648 1210 apparentes
663 1121 729 1183 sine
743 1121 984 1205 impedimento
1002 1135 1194 1205 computare
1213 1121 1346 1208 possint.

331 1231 504 1295 Stellarum
520 1225 746 1312 longitudines
758 1225 922 1311 progressu
937 1227 1094 1308 temporie
1117 1225 1273 1302 crescere,
1289 1242 1322 1291 et
1338 1243 1437 1294 motu
1453 1251 1536 1318 quo·

250 1338 326 1401 dam
345 1339 537 1408 communi,
560 1335 728 1418 eclipticae
742 1331 910 1416 parallelo,
933 1327 1115 1402 tranaserri,
1145 1331 1219 1405 seu,
1241 1334 1332 1418 quod
1352 1335 1474 1399 eodem
1489 1359 1535 1402 re·

249 1441 317 1513 dit,
341 1461 357 1503 a
378 1442 486 1524 primo
501 1453 627 1525 puncto
649 1440 757 1502 arietia
775 1450 889 1498 contra
913 1435 1078 1519 signorum
1098 1436 1249 1500 ordinem
1272 1442 1453 1522 quotannia
1477 1448 1532 1522 50⁸

248 1545 400 1612 recedere
423 1544 596 1618 videntur,
625 1544 723 1613 adeo,
746 1553 785 1604 ut
807 1553 951 1626 quantus
975 1539 1019 1601 est
1044 1539 1185 1604 lixarum
1208 1557 1318 1606 motua
1335 1543 1482 1610 directus
1497 1551 1531 1610 in

248 1651 461 1736 longitudine
475 1651 636 1713 orientem
652 1646 778 1717 versuo,
801 1657 912 1706 tantae
928 1643 964 1704 lit
981 1658 1092 1708 motus
1107 1647 1311 1731 retrogradua
1325 1667 1534 1734 punctorum

249 1756 542 1843 aequinoctialium
565 1754 772 1818 occidentem
794 1749 915 1813 versut.
962 1751 1051 1812 llaec
1073 1755 1215 1815 mutatio
1240 1754 1463 1838 longitudinia
1486 1758 1535 1820 di·

248 1864 336 1926 citur
354 1854 532 1954 proeceffio
553 1859 849 1945 aeqrrinoctiorurn,
873 1857 1038 1918 imovero
1058 1876 1130 1918 rece
1159 1879 1190 1920 to
1204 1873 1402 1940 punctorum
1423 1867 1534 1949 aequi·

248 1968 453 2137 ”Ocsgig‘ffi-
467 2069 639 2134 communi
658 2067 818 2131 stellarum
834 2063 1054 2151 progressione
1068 2065 1153 2128 nihil
1169 2064 1414 2152 suspicabantur
1427 2071 1533 2156 Baby·

245 2180 346 2252 lonii,
369 2177 543 2263 Aegyptii,
567 2174 698 2246 Graeci,
722 2173 862 2234 omnino
886 2170 1049 2255 plerique,
1079 2173 1139 2256 qui
1155 2177 1252 2236 tertio
1270 2189 1346 2237 ante
1363 2176 1533 2242 Christum

246 2265 356 2347 seculo
377 2281 583 2352 floruerunt,
609 2278 796 2343 astronomi.
840 2276 934 2339 Fixaa
950 2277 1040 2336 enim
1065 2274 1188 2362 semper
1202 2280 1390 2345 immobiles
1409 2298 1442 2344 et
1460 2304 1534 2349 non

247 2388 311 2450 alio
335 2404 431 2451 motu
454 2375 547 2460 cieri,
575 2406 674 2472 quam
701 2385 820 2447 diurno
846 2380 1054 2444 occidentem
1078 2382 1186 2447 versuo
1210 2405 1248 2464 ²4
1270 2387 1426 2449 horarum
1449 2403 1534 2452 tem-

247 2491 575 2575 poreexislimarunt.
636 2491 845 2575 Quamquam
870 2487 960 2549 enim
982 2487 1032 2550 cl.
1062 2489 1252 2552 BAILLY
1268 2494 1303 2555 in
1327 2490 1381 2554 sua
1397 2493 1533 2559 historia

247 2595 462 2660 astronomiae
483 2593 649 2657 ollendere
663 2607 830 2665 conatur,
852 2591 909 2653 diu
926 2606 1001 2654 ante
1015 2593 1241 2676 Hipparchum
1262 2597 1396 2680 populis
1418 2599 1534 2682 pieria·

212 2750 214 2755 ,
247 2722 331 2790 que,
354 2702 414 2787 qui
427 2700 657 2762 astronomiam
673 2698 840 2769 colebant,
861 2710 992 2762 motum
1014 2699 1106 2760 hunc
1127 2714 1334 2783 compertum
1352 2701 1463 2776 soille.
1485 2719 1535 2768 at·

247 2805 484 2897 queCicerode
492 2797 625 2898 sonnn'o
650 2805 824 2883 Scipionis,
845 2803 991 2865 Platonie
1008 2800 1200 2867 sententiam
1216 2804 1373 2880 relerene,
1395 2810 1533 2874 etPlato

247 2917 371 3002 ipsein
400 2915 528 2976 Timaeo
549 2909 591 2971 ad
611 2930 733 2970 aratrum
760 2929 911 2988 magnum
942 2909 1139 2991 requirunt,
1176 2925 1214 2973 ut
1237 2911 1318 2973 coeli
1348 2925 1423 2975 octo
1445 2908 1533 3007 suos

246 3023 404 3085 circuitus
425 3009 619 3110 abscisurum
642 3015 763 3098 quibua
778 3012 884 3074 verbis
901 3026 1034 3074 octavae
1046 3009 1194 3096 sphaerae
1209 3031 1340 3079 motum
1355 3023 1533 3102 proprium

246 3130 282 3190 in
301 3123 546 3210 longitudinem
561 3119 694 3204 arguisse
711 3119 883 3180 videntur:
915 3131 1025 3179 tamen
1050 3138 1112 3181 nec
1128 3119 1312 3202 Arillyllua.
1335 3144 1397 3187 uec
1412 3125 1534 3190 Timo·

246 3234 367 3304 charia,
391 3230 449 3315 qui
471 3227 570 3313 primi
592 3224 690 3287 sidera
713 3223 936 3288 inslmmentia
958 3224 1104 3288 dimetiri
1119 3243 1327 3312 coeperunt,
1368 3229 1410 3294 de
1430 3248 1535 3299 motu

215 3391 218 3398 .
245 3339 311 3401 hoc
328 3336 509 3422 quidquam
533 3329 682 3417 suspicati
701 3327 787 3393 lunt.

325 3442 551 3525 Hipparchus,
571 3453 710 3520 magnus
724 3435 780 3497 ille
793 3432 963 3507 Rhodiae,
983 3433 1056 3519 post
1080 3434 1335 3522 seoquiseeulum
1354 3439 1533 3510 dimensio·

248 3565 306 3610 nee
320 3547 378 3623 baa
393 3548 586 3615 remetiens,
608 3555 641 3604 et
657 3539 899 3604 observationes
918 3536 986 3603 luae
998 3562 1076 3612 eum
1090 3543 1371 3633 observationibus
1386 3549 1532 3632 Arillylli

245 3666 279 3714 et
292 3650 534 3711 Timocharidir
551 3646 741 3719 conserent,
768 3644 850 3708 adeo
874 3644 1062 3708 sensibiliter
1076 3662 1217 3712 mutatas
1233 3650 1465 3736 deprehendit,
1491 3671 1531 3720 ut

247 3753 350 3818 slellaa
367 3755 529 3813 orientem
544 3750 653 3814 versuo
669 3753 796 3813 moveri
815 3753 941 3834 primur
957 3754 1239 3834 pronuntiaverit,
1268 3758 1380 3842 qnod,
1407 3773 1447 3821 ut
1472 3761 1531 3824 de·

245 3857 455 3928 monstraret,
489 3855 608 3940 scripsit
629 3869 804 3919 tractatum
825 3856 866 3918 de
889 3856 1081 3940 transgrellu
1101 3857 1157 3923 seu
1178 3866 1363 3927 mutatione
1383 3880 1532 3950 puncto·

244 3984 320 4026 rum
330 3962 621 4048 aequinoctialium
637 3973 669 4022 et
684 3958 908 4034 solstitialium,
923 3965 1081 4046 temporie
1097 3965 1217 4045 injuria
1227 3966 1453 4051 deperditum,
1470 3990 1531 4034 cu·
1586 4021 1589 4033 .

244 4073 298 4151 jue
312 4082 422 4131 tamen
438 4066 592 4129 meminit
605 4064 812 4127 Ptolemaeus
829 4065 865 4127 in
877 4065 1062 4159 Almagefio
1082 4071 1139 4134 lib.
1160 4091 1175 4149 3
1199 4086 1232 4135 et
1252 4093 1288 4152 7,
1310 4093 1382 4158 cap.
1401 4097 1415 4137 a
1439 4089 1472 4139 et
1491 4098 1528 4154 3,

243 4176 305 4240 ubi
320 4172 602 4238 observationibua
624 4184 697 4233 aum
719 4167 802 4243 suia,
829 4184 902 4232 tum
922 4171 1081 4258 Agrippae
1102 4175 1310 4264 Menelaique
1331 4176 1530 4244 confirmare

216 4290 219 4296 '
245 4280 368 4352 sludet,
396 4277 477 4340 lixae
500 4276 678 4340 ordinatim
703 4288 737 4338 et
759 4276 936 4361 aequaliter
956 4280 1084 4341 moveri
1106 4281 1141 4341 in
1164 4282 1398 4369 consequentia
1421 4284 1529 4369 signo·

244 4404 319 4447 rum
338 4383 498 4445 orientem
513 4379 622 4443 versuo
633 4378 725 4464 super
740 4381 1013 4467 eclipticaepolie,
1031 4396 1063 4445 et
1077 4385 1171 4447 annia
1187 4407 1244 4452 too
1264 4409 1372 4452 unum
1386 4390 1528 4476 gradum

244 4487 420 4551 absolvere.
462 4486 555 4570 Quae
570 4484 704 4570 quidem
721 4486 950 4566 determinatio
966 4488 1020 4549 sta
1039 4490 1175 4551 veritate
1190 4493 1336 4556 multum
1353 4493 1527 4567 abluserit,

245 4606 278 4655 et
298 4612 316 4656 a
339 4593 562 4658 recentiorum
583 4590 860 4658 determinatione
882 4593 976 4659 valde
995 4591 1120 4658 diversa
1142 4597 1276 4666 evaserit
1288 4642 1301 4676 ,
1335 4598 1384 4663 nil
1404 4601 1529 4666 miran-
