3202 5168
774 278 821 357 16

154 461 303 525 bendum
327 457 371 521 eil
393 455 508 531 calui,
543 456 565 519 sr
589 469 715 521 veterea
739 457 916 520 allrouumi
945 458 979 519 in
1008 457 1198 544 explicantia
1237 463 1454 549 obliquitatis

155 566 327 651 eclipticao
348 564 510 626 anomalia
534 564 569 624 iu
593 561 789 647 hypothesin
814 561 1029 632 inciderunt.
1057 584 1142 649 quae
1165 569 1348 632 maximam
1375 591 1453 634 cum

157 670 377 756 explicatione
396 668 580 730 uutatiouit
600 666 724 729 nostrae
742 668 839 730 babet
858 668 1119 730 similitudinem.

235 775 306 837 lam
322 774 399 838 licet
414 772 591 837 astronomi
609 769 812 855 superiorum
837 770 1021 834 leculomm
1035 772 1077 834 de
1099 774 1199 852 ltujua
1214 791 1332 841 motut
1347 799 1450 864 quau·

155 880 251 943 riute
270 876 344 942 satit
361 877 479 960 juliam
496 876 671 941 habuerint
686 878 933 959 cognitionem:
957 891 1066 939 tamen
1082 898 1190 941 veram
1200 883 1300 966 ipstut
1319 885 1449 948 caulam

156 987 294 1072 penitua
318 984 541 1068 ignorabant3
580 981 650 1041 imo
679 998 696 1041 a
724 983 859 1044 veritate
890 995 963 1044 toto
991 983 1085 1046 coelo
1111 984 1337 1064 aberrabant.
1374 1010 1450 1054 cum

157 1110 236 1154 eum
259 1101 396 1154 oetam
417 1086 582 1173 sphaerae.
604 1083 657 1147 seu
678 1084 752 1169 ipsu
772 1085 868 1151 llellir
885 1088 1077 1152 tribuerent.

236 1195 443 1257 Punctorum
468 1192 761 1276 aequinoctialium
776 1207 905 1265 mutua.
929 1209 1042 1257 utrum
1055 1195 1165 1256 motui
1180 1200 1391 1281 aequamur,
1406 1219 1446 1263 an

156 1302 269 1364 motui
285 1299 457 1382 eclipticae
472 1296 720 1369 adscribendus,
742 1297 869 1381 duplici
890 1297 992 1360 modo
1010 1297 1142 1361 decerni
1162 1300 1267 1383 polle,
1288 1306 1358 1381 jam
1372 1305 1445 1366 Pto·

157 1407 303 1470 lemaeua
326 1401 567 1468 animadvertit.
608 1402 858 1488 Exquirentium
885 1401 1008 1466 scilicet
1030 1407 1183 1488 putabat,
1204 1421 1320 1471 utrum
1338 1409 1446 1473 ascen·

159 1513 265 1575 lionea
282 1524 406 1582 rectae,
435 1528 478 1571 au
498 1507 726 1594 longitudinm
742 1505 883 1571 surarum
902 1522 999 1572 motu
1013 1497 1146 1595 aequali
1156 1508 1209 1572 seu
1223 1511 1389 1576 uuilormi
1404 1514 1446 1577 le·

80 1650 82 1653 ·
157 1632 288 1692 rantur,
309 1629 366 1680 aut
391 1627 505 1679 utrum
520 1614 775 1686 declinuioner,
798 1634 840 1677 au
861 1612 1054 1677 latitudines
1074 1616 1300 1682 immutabilea
1320 1639 1445 1704 perma·

158 1737 272 1787 neant.
313 1721 363 1786 Ad
387 1722 477 1804 print
503 1718 777 1799 dijudicandum,
798 1718 1044 1793 remotillimat.
1074 1735 1209 1806 propter
1227 1721 1445 1787 lentislimum

157 1844 315 1902 motum,
354 1825 503 1892 conlcrre
527 1823 720 1908 oportuillet
747 1824 1007 1899 observatiouea,
1036 1848 1120 1912 quae
1134 1827 1277 1911 ideoque
1304 1827 1444 1890 al³tole

158 1954 254 1998 maeo
272 1933 419 1997 adhiberi
437 1949 506 1991 non
522 1944 721 2013 potuerant;
744 1929 796 1993 setl
814 1934 1037 1994 recentiorum
1062 1930 1349 1997 observationibua
1373 1933 1444 1998 latit

160 2040 323 2126 superque
356 2034 614 2099 demonstratum
647 2034 711 2108 eli,
744 2037 962 2099 variationem
989 2038 1025 2098 iu
1053 2035 1264 2120 longitudine
1289 2041 1445 2103 omnium

157 2147 298 2212 lixarum
315 2140 440 2225 semper
454 2139 643 2227 aequalem.
663 2141 700 2203 in
718 2139 902 2204 ascensione
917 2155 1004 2232 rocta
1019 2160 1097 2208 vero
1115 2141 1209 2206 valde
1229 2140 1392 2208 diversam
1414 2161 1446 2209 et

158 2254 334 2317 maximam
352 2249 388 2309 iu
403 2247 559 2331 polomm
572 2248 705 2309 viciniie
719 2244 792 2309 eisc.

240 2357 279 2418 lu
298 2353 480 2417 secuudum
500 2351 656 2415 effectum
680 2352 884 2438 inquirentea
907 2349 1197 2436 deprehenderunt
1216 2350 1361 2417 stxarum
1376 2357 1445 2419 lati·

159 2459 292 2524 tudinet
314 2478 385 2520 uon
404 2460 575 2538 variari*);
596 2458 834 2522 declinatiouea
850 2477 927 2521 vero
944 2459 1113 2544 eliquanto
1135 2457 1224 2522 affici
1249 2475 1371 2536 motu.
1405 2484 1445 2530 eo

159 2564 296 2644 majori,
318 2580 386 2644 quo
404 2564 658 2647 propinquiores
674 2563 779 2628 ileliae
795 2562 870 2626 sunt
885 2565 1019 2648 punctio
1035 2566 1345 2650 aequinoctialibus.

115 2744 130 2757 ..
238 2664 363 2730 Nostrit
384 2665 582 2728 reservatum
605 2667 670 2730 suit
698 2669 928 2753 temporibua.
963 2672 1001 2730 in
1023 2691 1115 2734 verat
1137 2672 1259 2733 horum
1284 2686 1446 2737 motuum

159 2774 269 2844 causat
283 2774 421 2842 intrare,
443 2789 563 2855 eaeque
577 2792 617 2835 ox
631 2774 907 2837 reconditioribut
924 2775 1046 2836 virium
1062 2774 1297 2838 uuiverialium
1313 2777 1444 2862 legibue

160 2884 325 2953 derivem
353 2896 431 2939 nam
448 2889 539 2960 patet
563 2897 656 2942 nunc
669 2899 709 2942 ex
730 2881 856 2943 theoria
873 2880 1060 2961 gravitatis.
1081 2881 1123 2942 atl
1139 2878 1306 2945 summum
1320 2885 1446 2968 persec-

159 2988 262 3053 tionia
277 2981 440 3067 fastigium
455 2964 628 3066 perducta,
649 2998 782 3047 motum
804 2987 896 3047 huuc
919 2987 1083 3068 procreari
1108 2987 1146 3048 ab
1162 2988 1352 3052 actionibua
1368 2990 1445 3056 solit

159 3108 194 3159 et
215 3094 313 3155 lunae
334 3092 371 3151 in
396 3089 523 3152 telluris
549 3088 798 3174 sphaeroidem,
821 3109 904 3174 quae
928 3090 1065 3174 pianum
1088 3094 1272 3177 aequatoria
1288 3096 1446 3163 terrestria

160 3198 381 3269 conturbant,
408 3210 440 3258 et
462 3198 625 3260 continuo
647 3195 705 3258 luo
723 3196 798 3258 loco
817 3194 1013 3272 dimoveut;
1040 3200 1098 3282 qui
1117 3198 1253 3286 quidem
1267 3214 1382 3264 mutua
1397 3202 1448 3267 lo·

160 3325 240 3368 cnm
252 3303 385 3365 haberet
398 3323 626 3388 nequaquam,
649 3301 810 3365 litellnria
831 3299 937 3386 ligura
953 3299 1115 3385 sphaerica
1137 3302 1224 3368 eilct.
1265 3304 1448 3372 Praeceffio

160 3414 273 3495 itaque
286 3406 622 3472 luni-solariatantum
636 3426 655 3471 e
670 3406 745 3471 loco
761 3408 946 3495 aequitatis
958 3405 1129 3483 terrestria,
1145 3410 1351 3475 attractiouia
1368 3414 1448 3477 viri·

159 3518 222 3580 bna
236 3527 383 3587 mutato,
404 3515 560 3597 gignitur.

239 3619 348 3680 Tanta
376 3617 420 3679 cll
443 3638 535 3684 nuuc
557 3616 848 3683 dimmitlimomm
865 3633 1001 3682 naturae
1022 3619 1331 3704 phaenomenomm
1365 3641 1448 3687 cum

159 3721 398 3789 universalibua
425 3724 630 3784 attractionis
653 3722 781 3806 legibue
805 3725 1041 3799 consonantia.
1082 3739 1121 3790 ut
1144 3723 1376 3810 saepenumero
1401 3728 1448 3791 ef·

159 3829 291 3898 lectur.
323 3827 382 3911 qui
401 3846 464 3890 nec
486 3825 731 3891 remotilfimam
750 3831 839 3892 iuter
855 3829 890 3893 se
911 3831 1069 3893 videntur
1090 3831 1208 3894 habere
1227 3829 1446 3908 allinitatem,

160 3931 334 3999 arctililtuo
352 3945 460 3995 tamen
478 3929 743 4015 constringantur
761 3954 865 4008 nexu,
887 3950 986 4022 atque
998 3940 1044 4000 ita
1060 3934 1300 4031 sphaeroidicae
1315 3936 1446 3999 telluria

159 4037 286 4102 nostrae
306 4036 344 4097 io
369 4037 457 4122 polit
477 4036 674 4120 compreffae
695 4040 845 4114 rotatio,
884 4048 1065 4124 conjuncta
1091 4064 1169 4108 curn
1192 4040 1265 4104 lolia
1290 4053 1324 4103 et
1341 4040 1447 4107 lunae

160 4147 291 4212 actione
313 4144 350 4205 io
369 4142 514 4205 oblatam
531 4144 619 4207 banc
640 4157 743 4208 torrae
764 4143 927 4230 trgum.
962 4161 1096 4211 mnium
1117 4149 1215 4212 illum
1236 4159 1447 4230 punctorum

1330 4271 1445 4339 aequi·

192 4433 230 4504 a)
246 4429 354 4489 Verum
371 4424 450 4480 enirn
466 4444 537 4482 vero
556 4425 697 4483 obnoxiae
716 4428 779 4483 sunt
796 4429 922 4486 fixurum
940 4429 1106 4488 latitudinet
1122 4431 1218 4487 motui
1241 4430 1358 4486 cuidam
1383 4432 1448 4487 cxi·

225 4522 377 4600 quinimo.
409 4522 462 4594 qui
487 4520 522 4575 ab
547 4519 640 4574 aliene
663 4536 691 4575 et
714 4523 826 4578 diverse
850 4523 1092 4587 omniaomnia,
1117 4543 1203 4599 quam
1225 4524 1447 4600 apraeceffiorta

226 4614 475 4694 aequinoctiorum
489 4613 681 4676 derivandua.
700 4627 732 4671 ut
748 4613 800 4670 luo
818 4612 883 4672 loco
895 4616 998 4673 ‘sumna
1014 4616 1159 4676 ostensuri.
